2676 4800
106 526 107 531 ἵ
196 471 212 518 s
582 470 708 517 sinent
727 470 900 516 aunnosn

195 555 285 612 omiss,
296 553 511 614 timuissetis,
522 553 728 604 sedtnocommt:
749 553 830 601 miuus
844 552 932 601 statuit
946 562 1017 609 cam,
1029 550 1055 598 et
1070 549 1224 600 firmamento
1235 526 1285 601 ro-

195 625 298 672 mumtnr
306 625 390 683 ttmtur
400 625 442 673 tui.
454 625 539 672 Nonne
548 622 725 671 evidenteros·
749 623 853 671 luntatis
870 636 922 670 sum
938 619 1064 679 continet3
1082 621 1140 680 qnia
1159 622 1187 668 tn
1205 634 1285 670 mann

97 712 100 717 ·
197 692 278 741 tendit
290 693 358 740 Dens
371 693 453 741 omnia
467 693 595 752 maiestate
608 703 651 740 sna
666 702 724 738 con-
749 688 1026 751 ejussuntomnesttnes
1035 688 1114 735 tcrrae.
1123 688 1213 736 Etbaee
1222 687 1282 736 tidei

196 758 283 808 sistere
304 761 331 807 in
351 772 476 819 numero,
501 760 629 819 pondere,
650 759 724 817 sique
749 761 893 821 simplicitas
913 756 1063 818 argumentis
1079 757 1193 805 omnibns
1209 758 1284 805 ante

196 829 327 877 mensurat
341 830 425 890 Neque
436 830 504 877 enim
515 829 628 877 creatura
644 829 723 888 leuem
750 831 827 878 cellit.
839 827 949 876 Laudent
959 826 1002 873 atii
1010 826 1076 885 quod
1088 826 1145 873 ideo
1157 837 1282 886 nusquam

196 896 299 956 tribuit,
314 899 359 947 sed
377 899 487 958 accepit,
503 899 528 946 et
543 896 625 946 servat
640 909 726 956 accep-
749 897 847 945 decidst
856 897 936 953 terra3
952 894 1010 954 quia
1020 894 1155 941 secundnm
1165 894 1282 941 naturam

195 967 255 1013 tam.
265 967 318 1014 Non
331 980 389 1027 ergo
400 968 500 1027 quadiu
510 968 593 1015 medio
601 967 634 1015 sit
643 968 726 1026 terra,
750 967 776 1014 tn
789 966 870 1014 medio
887 965 1012 1024 regionem
1023 962 1146 1023 possident
1155 973 1240 1020 suam,
1252 973 1283 1010 eo

195 1037 267 1093 quasi
277 1038 422 1096 aquatanee
432 1037 591 1098 suspenditur
600 1049 607 1082 r
617 1035 659 1083 sed
667 1035 726 1095 quia
750 1035 815 1096 quod
823 1047 923 1082 necesse
932 1033 965 1081 sit
972 1044 1026 1079 earn
1034 1044 1133 1078 manere
1144 1031 1171 1077 in
1179 1031 1283 1094 regione

195 1104 310 1162 maiestas
328 1104 375 1152 Dei
391 1106 524 1154 voluntatis
539 1118 590 1153 suu¹
601 1117 655 1153 eam
670 1105 725 1164 tege
750 1118 807 1164 sua,
818 1116 867 1151 nec
881 1104 908 1150 iu
923 1102 1019 1162 partem
1035 1102 1137 1148 atteram
1147 1099 1282 1158 inclinari,

102 1163 110 1181 ⁸
142 1197 145 1201 -
196 1171 360 1232 constringit,
378 1175 407 1220 ut
425 1186 498 1233 supra
518 1173 633 1220 instabile
652 1173 725 1233 atque
750 1173 847 1233 quando
862 1171 1073 1219 contra-naturam
1089 1171 1281 1228 summovetur,

195 1239 270 1288 inane
284 1242 380 1289 stabitis
394 1243 552 1302 perseveret,
568 1242 633 1290 sicut
647 1242 726 1289 David
750 1241 935 1290 sedsecundnm
945 1241 1065 1286 naturam.
1074 1236 1211 1284 Praedicent
1221 1237 1282 1283 arti-

195 1320 292 1368 qnoque
304 1311 425 1370 Propheta
433 1311 631 1359 testaturdicens
642 1325 649 1358 r
661 1313 726 1359 th·
751 1310 803 1357 tisis
814 1310 893 1357 divini
909 1310 934 1356 et
948 1306 1082 1368 operatoris
1097 1306 1184 1354 aeterni
1196 1305 1281 1352 excet-

196 1377 259 1425 ‹tovit
277 1380 366 1425 terrum
379 1392 448 1439 super
466 1381 642 1438 presumentem
662 1381 725 1440 cium
751 1378 1006 1438 lentiam3quisenim
1015 1375 1192 1444 mtiflcnmnon
1202 1374 1281 1421 abitio
1302 1430 1304 1432 v

195 1457 245 1492 nott
254 1446 406 1494 inclinabitur
421 1448 447 1494 im
456 1449 567 1495 omentum
576 1449 663 1496 sumiti.
674 1449 725 1495 Non
751 1447 863 1508 accepit?
872 1448 914 1494 ant
923 1446 980 1507 quis
989 1444 1058 1493 dedit
1068 1444 1216 1491 mulieribus
1227 1443 1281 1490 tex·

196 1512 284 1573 utique
302 1514 344 1562 bic
361 1516 432 1575 quasi
449 1516 618 1564 tantummodo
636 1517 726 1565 artifex
751 1521 812 1568 turae
829 1516 990 1577 sapientiam,
1006 1516 1049 1563 aut
1062 1512 1193 1561 varietatis
1207 1510 1282 1559 disci·

195 1581 264 1630 Dens
276 1596 283 1629 s
295 1583 419 1644 sedqnast
435 1585 591 1646 omnipotens
608 1587 727 1646 praedica-
751 1584 860 1648 plinamt
882 1586 929 1645 Epo
952 1587 1052 1642 nmen,
1070 1582 1114 1642 qui
1132 1580 1281 1643 protundum

195 1653 247 1709 tur,
255 1652 447 1711 quinoncentro
454 1655 558 1714 quodam
567 1656 672 1714 terram,
683 1656 727 1703 sed
752 1656 890 1716 majestatis
906 1655 975 1712 ejus,
986 1656 1013 1702 et
1029 1652 1089 1700 artis
1104 1649 1280 1699 exceltentiam

197 1721 314 1781 precepti
327 1722 367 1769 sui
382 1723 540 1782 suspenderit
556 1724 727 1783 firmamento,
751 1738 799 1774 non
810 1737 874 1786 queo
883 1721 1163 1783 comprehenderemus
1173 1721 1282 1781 disputa·

197 1799 314 1836 neceam
334 1789 449 1838 inclinari
467 1792 584 1851 patiatur.
599 1793 652 1840 Non
669 1806 726 1853 erro
751 1795 825 1842 tionis
840 1805 880 1841 sne
896 1792 1050 1840 libramentis
1065 1790 1191 1838 committo
1207 1790 1281 1850 atquo

197 1868 338 1904 mensuram
349 1858 441 1918 cenni,
450 1859 493 1906 scd
503 1859 591 1918 iudicii
599 1860 677 1908 divini
687 1873 726 1908 nc·
752 1863 892 1911 mensuris:
908 1861 951 1909 sed
961 1860 1043 1908 omnia
1059 1859 1166 1919 reposita
1185 1859 1213 1905 in
1228 1858 1283 1916 ejus

197 1926 281 1985 cipere
293 1926 425 1986 debemns3
435 1929 494 1988 quis
511 1940 560 1976 non
578 1930 639 1977 artis
655 1942 727 1976 men·
752 1932 868 1981 existimo
878 1931 1022 1990 voluntate,
1032 1927 1282 1990 qnodvolnntasejtrs

196 2007 253 2043 sura
264 1997 370 2056 est,sed
377 1998 505 2059 potestatis
516 2011 523 2044 s
535 2009 648 2047 mensura
655 1999 727 2058 insti·
752 1997 1283 2057 tundamentumsitunirersorurn,etprop-

195 2062 253 2124 ttae,
271 2077 386 2113 mensura
401 2067 628 2128 counitiouimquia
644 2069 726 2115 omnia
751 2072 790 2118 ter
812 2082 872 2118 eum
889 2068 970 2116 adhuc
987 2067 1094 2114 mundns
1111 2066 1152 2113 bic
1172 2067 1281 2113 maneat.

196 2143 246 2180 non
252 2133 377 2195 umquam
388 2134 508 2182 immensa
516 2137 665 2195 praetereant
674 2136 727 2194 ejus
751 2139 821 2196 Quod
829 2137 974 2198 apostolice
982 2149 1080 2196 quoque
1088 2135 1147 2182 ticet
1155 2134 1282 2182 adstruere

196 2199 594 2263 seientiam,sedcognitioniejus
602 2205 726 2265 tamquam
752 2207 905 2254 auctoritatis
932 2205 1057 2264 exempto.
1087 2203 1210 2262 Scriptum
1244 2203 1283 2250 est

196 2268 307 2318 dimensa
321 2271 474 2329 subjaceant.
490 2274 574 2333 Neque
590 2275 726 2321 enimcum
752 2275 834 2324 enim:
844 2272 1240 2337 minoanttoticreuturumbp'ectu
1249 2275 1283 2321 est

195 2338 300 2400 legimus
311 2353 318 2386 ε
329 2343 380 2402 Epo
390 2342 527 2401 confimari
536 2343 656 2391 mammet
662 2346 726 2405 rjus,
751 2360 800 2393 aon
808 2348 904 2406 sponte,
914 2346 953 2393 sed
963 2346 1056 2403 propter
1071 2355 1124 2389 euos
1134 2341 1176 2401 qni
1186 2340 1284 2400 subjecit

195 2419 255 2456 rere
265 2410 448 2459 columniseam
458 2411 590 2460 subnixam
598 2426 726 2473 possumus
751 2417 776 2462 iu
788 2429 835 2476 spe.
847 2413 1005 2461 Liberabitur
1017 2411 1100 2459 numm
1116 2411 1143 2457 et
1152 2410 1205 2470 ipsa
1213 2421 1283 2457 cres-

195 2478 333 2539 sestlmnre,
344 2480 389 2528 sed
399 2493 428 2528 ea
437 2480 530 2529 vlrtute
538 2494 593 2541 qnae
604 2484 727 2531 suitutciat
751 2483 807 2531 tura
818 2482 963 2530 aseruitute
980 2479 1156 2542 corruptionis,
1174 2491 1230 2526 cnm
1246 2478 1284 2526 di·-

194 2547 356 2596 substantiam
365 2547 518 2608 terrentque
525 2548 670 2598 substineat.
677 2552 727 2598 De·
752 2553 816 2602 vinae
833 2549 1041 2599 remunerationis
1055 2548 1133 2608 gratia
1152 2547 1282 2595 attntserit.

195 2615 272 2675 nique
289 2616 355 2676 quod
369 2616 396 2662 in
411 2617 534 2675 potestate
549 2618 595 2665 Dei
611 2619 644 2666 sit
655 2620 726 2668 terras
781 2621 821 2669 23.
832 2617 1214 2677 Denatnraautemetqnatitate
1224 2618 1285 2665 sub—

195 2684 354 2745 constitutto,
372 2685 449 2733 etiarn
469 2686 527 2733 binc
547 2687 650 2747 collige,
668 2689 727 2751 qnia
751 2689 847 2736 stantiae
863 2688 920 2736 coeti
939 2686 1000 2747 quid
1018 2698 1163 2734 enumerem
1182 2697 1211 2733 ea
1227 2699 1285 2746 quaa

194 2753 314 2813 scriptum
331 2755 391 2803 estc
409 2756 456 2816 Qut
472 2755 569 2814 adspicit
586 2758 689 2814 temam,
704 2761 726 2804 ct
751 2756 959 2819 disputationibus
969 2756 1020 2804 suis
1036 2753 1176 2816 philosophi
1190 2754 1284 2802 texue-

195 2824 252 2884 {ocs't
268 2837 323 2871 eum
337 2826 443 2871 mem.
456 2824 487 2871 Et
497 2823 557 2870 aiibi
569 2837 576 2870 ε
588 2825 671 2873 Adbuc
685 2840 726 2887 epo
751 2827 825 2874 runt?
839 2839 896 2874 curn
912 2824 955 2873 atii
972 2823 1133 2884 compositum
1149 2824 1240 2870 eoetum
1250 2836 1284 2872 ex

195 2893 266 2940 mmet
279 2894 384 2940 smootio
398 2895 496 2941 terrum.
513 2893 566 2939 Non
581 2905 639 2953 ergo
651 2894 727 2942 libra·
751 2896 855 2956 quatuor
868 2893 999 2942 elementis
1009 2893 1118 2940 asserant
1130 2905 1137 2938 r
1150 2892 1192 2938 atii
1206 2892 1283 2953 quin·

194 2960 288 3009 mentis
298 2962 349 3009 suis
358 2961 493 3009 immobilis
504 2964 663 3011 manetssed
676 2964 727 3012 tre-
751 2967 801 3013 turn
819 2963 950 3025 quamdam
965 2961 1078 3010 naturam
1097 2961 1154 3008 novi
1175 2962 1285 3020 corporis

195 3030 301 3089 quenter
310 3029 357 3077 Dei
369 3031 433 3078 nutu
441 3031 576 3079 etarbitrio
587 3043 725 3082 commore-
751 3035 782 3082 ad
793 3032 992 3083 constitutionem
1004 3030 1059 3089 cius
1068 3029 1198 3089 inducant,
1207 3030 1285 3092 atque

196 3100 252 3158 tnr,
264 3098 329 3147 sient
341 3099 368 3147 et
381 3100 427 3148 Job
442 3099 521 3147 dicit:
534 3103 596 3162 Quia
610 3104 727 3152 Dominus
751 3103 869 3164 attingant
889 3101 1026 3148 aetberenm
1046 3112 1100 3147 esse
1122 3110 1224 3158 corpus,
1242 3099 1285 3147 cni

195 3169 322 3215 summm
333 3180 387 3215 com
399 3181 416 3214 a
430 3167 726 3227 fisadnmmtisscotumaoe
750 3185 832 3232 neque
849 3171 913 3231 ignis
930 3170 1055 3217 admixtus
1070 3168 1117 3229 sit,
1128 3180 1209 3228 neque
1225 3180 1284 3229 aer,

196 3237 276 3283 ouum
287 3236 338 3296 eju
349 3238 511 3296 annituntur.
525 3237 555 3283 Et
564 3236 625 3283 aiibi
637 3249 644 3283 r
656 3241 727 3288 dms
751 3254 833 3302 neque
844 3252 921 3300 aqna,
932 3251 1014 3298 neque
1026 3238 1106 3296 terra3
1118 3237 1184 3298 qnod
1196 3237 1285 3296 buius-

195 3305 290 3364 iofema
298 3307 323 3353 ia
329 3305 522 3366 conspectissima,
532 3308 554 3354 ct
561 3318 608 3352 aon
616 3310 650 3355 est
657 3311 728 3357 morti
751 3311 816 3359 modi
826 3310 949 3380 elementa
960 3320 1031 3354 suum
1043 3306 1173 3367 quemdam
1183 3319 1285 3355 cursum

195 3375 357 3434 mootmmm,
373 3375 499 3423 extendens
513 3377 613 3422 Boreum
629 3390 674 3438 pro
688 3380 727 3426 ai·
752 3379 859 3427 habeant
870 3379 945 3437 atque
953 3389 1025 3424 nsum
1034 3377 1060 3422 et
1070 3378 1163 3423 motum
1173 3375 1285 3434 natum,

192 3438 258 3500 tm
268 3444 406 3504 surpmsdrm
418 3445 508 3491 terrem
518 3445 542 3492 in
550 3444 664 3503 miiitum,
675 3448 728 3495 utti-
752 3448 779 3494 ut
794 3447 904 3506 praviora
920 3444 1080 3503 demergant,
1096 3444 1122 3490 et
1140 3443 1165 3490 in
1176 3455 1285 3503 pronum

195 3522 256 3570 oeus
267 3522 355 3570 equom
368 3511 394 3557 m
403 3511 504 3558 nubibus
515 3514 592 3560 mis...
607 3515 726 3561 notumne
752 3515 874 3573 terantur,
883 3526 961 3561 vacua
970 3515 996 3560 et
1005 3513 1071 3560 levia
1080 3512 1106 3558 in
1117 3511 1247 3571 superiora
1257 3523 1286 3560 se

197 3580 423 3636 cutiovotoecrunt,
434 3581 726 3640 etcnpoeemmtubiucre·
751 3582 893 3641 subrigant3
910 3583 947 3629 est
965 3582 1032 3630 enim
1054 3580 1168 3641 proprius
1190 3580 1284 3640 cuique

194 3649 290 3711 potione
298 3649 363 3708 ejus3
372 3650 458 3696 obtuto
464 3650 578 3710 mitiqueit
588 3664 668 3708 mure,
679 3653 727 3699 dis-
752 3650 847 3708 motus,
864 3650 890 3696 in
900 3649 1003 3709 sphera
1019 3649 1102 3696 antem
1119 3647 1227 3695 circuitu
1237 3647 1287 3696 ista

196 3717 668 3776 mmmastmsitoetumsctamtmamm
677 3720 728 3781 cmii
753 3717 886 3776 contundi,
904 3719 930 3765 et
946 3718 997 3765 vim
1007 3717 1046 3765 sni
1058 3729 1143 3764 cursus
1154 3717 1286 3776 amittere,

197 3788 280 3835 tament
294 3799 358 3834 cum.
376 3785 507 3835 Voluntate
526 3785 600 3846 igitur
614 3787 663 3835 Dei
679 3788 726 3834 im-
751 3787 865 3848 quoniam
878 3787 972 3847 sphaera
984 3786 1009 3832 in
1020 3786 1105 3834 orbern
1120 3797 1192 3832 snum
1203 3785 1287 3832 volvi-

197 3856 296 3905 mobilis
303 3857 387 3904 manet
393 3857 419 3904 et
426 3858 475 3906 stat
485 3856 636 3905 insmcnlnm
646 3856 725 3920 terra,
751 3856 805 3915 tur,
817 3856 977 3916 etsuperiora
988 3855 1161 3914 interioribus,
1173 3854 1286 3915 superio·

197 3926 332 3974 secundum
350 3925 504 3975 Ecclesiastis
521 3925 683 3986 sententium,
701 3929 727 3976 et
751 3927 820 3973 ribus
830 3940 927 3987 quoque
938 3925 1056 3974 interiora
1067 3929 1205 3975 mutantur.
1217 3926 1285 3985 Quo-

196 3997 324 4044 rotuntate
338 3996 385 4044 Dei
398 3996 529 4054 moretur,
540 3995 567 4042 et
582 3995 663 4043 nutat.
674 3996 726 4044 tion
751 4008 805 4044 rum
824 3997 907 4045 autem
926 3997 1060 4044 secundum
1077 3999 1191 4044 naturam
1203 3999 1287 4045 motus

197 4062 726 4125 erpofundamentissnisnhasnbsistit,nec
751 4064 841 4113 muhti
857 4065 930 4125 suut,
941 4065 1029 4112 borum
1045 4065 1185 4112 necessario
1201 4065 1286 4113 temni

198 4131 284 4183 tuteris
296 4131 599 4193 sutsstabitisperserernt
608 4144 615 4178 s
625 4131 725 4182 sedbe-
753 4134 843 4182 mutari
857 4134 936 4184 solere
951 4133 1082 4195 qualitates
1092 4133 1286 4184 substantiarum
