2676 4800
421 405 465 452 DE
487 405 572 452 cain
592 407 635 454 ET
654 408 740 454 ABBI.
759 409 863 456 mann
883 413 900 456 Ι.

79 480 96 527 fs·
147 482 651 550 disbetiamcopisrumnostrarummunera,
679 492 749 539 tuum
767 493 870 540 nuntius
891 493 937 541 est
957 491 1109 555 Principales
1126 494 1211 558 itaque

79 563 98 596 ι
145 555 653 617 qraegononsupellectitioperiendas,sed
677 560 819 620 disciplinas
838 561 1014 622 sequentibus,
1035 565 1062 612 et
1082 563 1211 627 indigenas

144 622 247 683 &ptam
266 624 341 672 nudis
359 623 518 674 ser-ouibus
539 626 652 676 demons-
676 630 765 675 accolis
776 630 928 688 agnoscimus
943 630 1117 690 proferendas.

143 692 215 741 tmtas
222 693 322 754 putam
332 695 364 742 nt
381 708 428 743 sua
439 695 493 755 ipsa
504 696 560 742 luce
572 696 651 757 sulpe-
705 696 744 744 2'1.
757 698 807 745 boc
816 699 952 747 secundum
961 700 1099 760 ingenium.
1111 701 1208 749 Atvero

142 762 650 823 mt‚stoxseipsaerocememitterontsni
675 767 812 814 secundum
831 769 978 827 mysterium
997 769 1120 818 Abrabam
1137 772 1208 829 pater

139 829 325 893 imusque
338 834 410 882 euim
420 832 458 881 soi
468 835 495 882 et
505 835 563 882 luna
572 835 650 881 iuter-
675 836 786 892 gentium
801 837 890 883 semini
906 850 950 885 suo
963 838 1074 898 legitimo
1089 840 1155 898 quod
1169 841 1208 886 est

139 896 193 953 m
208 898 332 961 indigent.
360 902 461 950 liabent
486 903 649 964 interpretem
674 903 1206 964 cbristus,haereditatemomnemtideisum

137 963 231 1026 fimi
240 970 280 1027 sui
292 969 413 1030 luminis,
424 983 474 1030 quo
484 973 552 1019 totus
566 973 648 1031 repte-
674 972 776 1032 detulit,
789 974 832 1034 qui
849 973 875 1022 iu
887 975 933 1023 bac
948 976 1096 1024 terravelut
1110 977 1206 1025 advena

137 1035 228 1083 unse
240 1037 289 1085 est.
306 1037 361 1086 uns
371 1037 526 1087 illuminatio
540 1041 577 1088 est
588 1041 649 1088 fides
673 1041 734 1100 iuit3
743 1043 912 1100 utvitaebujus
920 1045 1019 1092 odorem
1028 1046 1121 1104 inopis,
1130 1056 1206 1104 quam

135 1103 173 1151 νὴ
188 1104 282 1166 iiidice,
300 1106 432 1166 quaedam,
450 1109 480 1157 ut
498 1109 534 1156 ita
552 1110 647 1168 dicam,
673 1111 1030 1161 tructumreierret.tiaeccum
1041 1113 1112 1161 audit
1122 1126 1205 1172 mons,

97 1170 103 1185 ¹
134 1171 309 1223 mutesco
322 1189 381 1236 qna
394 1175 478 1224 alieno
491 1189 542 1224 nou
552 1178 648 1238 indiget
672 1181 763 1226 avertit
778 1192 805 1227 se
820 1191 835 1226 a
850 1181 992 1238 voluptate,
1008 1182 1144 1241 uirtutique
1162 1180 1206 1227 ad·

100 1248 103 1253 ’
134 1241 267 1304 tubunis,
280 1245 311 1291 ot
325 1243 412 1292 subito
430 1256 458 1292 se
475 1245 646 1294 universorum
670 1245 832 1306 jungit,eeri
844 1246 940 1295 decoris
950 1247 1074 1295 admirans
1086 1247 1205 1308 qratiam,

134 1310 199 1359 aab
216 1311 323 1364 dudit.
348 1311 403 1359 Non
425 1324 484 1373 erpo
500 1314 648 1362 nuntiantur
672 1327 762 1372 purum
784 1316 917 1376 affectum,
943 1315 1083 1376 simplicem
1103 1316 1206 1364 senteu-

135 1389 199 1436 um
208 1383 298 1440 ntra,
308 1380 357 1428 scd
371 1381 494 1440 clamant,
509 1384 536 1431 et
550 1397 577 1431 se
593 1384 646 1444 ipsa
672 1383 746 1443 tiam,
755 1385 907 1432 mediocrem
915 1386 1026 1445 restem,
1035 1385 1081 1434 boc
1092 1385 1143 1444 est,
1154 1397 1204 1432 nou

133 1446 242 1494 undant.
253 1447 314 1496 Sane
326 1447 392 1497 utet
406 1449 453 1496 boc
464 1449 529 1509 qnod
540 1450 647 1499 laborio-
672 1452 697 1498 iu
707 1453 868 1511 persuasione
879 1454 1016 1513 sermonis,
1027 1453 1069 1503 sed
1081 1455 1107 1501 in
1119 1454 1203 1502 osten·

131 1515 645 1580 nnbnoetrisducitur‚noupraeteream,
670 1521 739 1568 sione
759 1522 882 1582 Spiritus,
902 1522 983 1583 qualis
1003 1523 1041 1571 est
1060 1522 1203 1584 apostolicas

132 1583 177 1633 iios
193 1587 314 1646 exigitur,
340 1587 452 1634 madium
476 1588 645 1649 desideratur,
671 1589 747 1636 torma
768 1591 919 1649 sententie,
939 1590 1056 1639 amictum
1073 1591 1204 1651 sapientias

131 1651 341 1715 beamur.
351 1655 558 1706 disenimtribus
568 1658 646 1706 domi·
669 1659 742 1718 atqrm
758 1660 859 1718 pietatis
875 1660 941 1707 omni
953 1660 1125 1720 pretiosiorem
1142 1672 1202 1708 auro

92 1742 96 1749 ·
131 1732 167 1769 m
180 1723 248 1771 tuus
267 1723 411 1772 &rodonis
429 1725 545 1773 humanae
564 1726 644 1774 oiticia
669 1727 809 1788 reiulqeus,
831 1730 890 1777 tunc
912 1729 1016 1776 oboram
1042 1729 1201 1790 prudentia,

130 1790 223 1841 ubine
235 1793 324 1842 dicens
334 1807 342 1839 a
352 1795 439 1851 Petite,
454 1798 478 1844 et
493 1795 588 1844 dubitur
603 1811 645 1846 oo-
670 1798 853 1857 temperantia,
870 1798 1037 1855 tortitudinis,
1053 1811 1082 1846 ac
1096 1799 1202 1858 justitia

132 1862 157 1909 t'·
167 1877 176 1908 ε
186 1865 295 1923 quotu,
312 1865 336 1910 ct
351 1865 470 1911 invenictis
483 1878 492 1909 r
505 1865 610 1922 missio,
623 1868 645 1913 ct
668 1866 806 1926 suscipiens
820 1880 876 1927 quas
891 1867 1027 1925 tlaqrabant
1040 1866 1139 1915 odorem
1152 1867 1201 1914 dis·

131 1933 226 1988 *aar
233 1932 308 1981 cobis.
318 1929 423 1980 litinira
433 1945 441 1976 a
450 1932 532 1980 Omnis
540 1946 594 1992 erqo
605 1936 645 1993 qni
668 1935 831 1994 eiptiuarum,
841 1935 964 1983 incutiens
970 1935 1150 1994 reverentiam,
1159 1935 1201 1982 iu-

131 2000 257 2050 usmbs
268 2016 326 2049 m
336 2000 498 2062 isecsstsoctt
508 2015 551 2060 co,
562 2004 644 2051 annin
668 2002 773 2051 tundens
788 2004 902 2063 qratiam.
921 2004 1006 2063 ltaque
1024 2002 1116 2051 talibus
1134 2004 1200 2050 mota

132 2069 321 2132 amm-ss.
667 2072 744 2132 clepit
753 2072 835 2121 studia
845 2070 960 2130 virtutis,
972 2070 1063 2131 quibus
1075 2071 1149 2118 Jacob
1161 2072 1201 2119 vir

152 2137 182 2186 Β.
193 2140 252 2188 lianc
263 2140 309 2201 qui
320 2135 433 2187 nudosa
442 2136 520 2187 tuerit
529 2152 644 2199 prosecu-
666 2142 754 2200 pienus
764 2140 954 2190 exercitationis
968 2141 1080 2188 mentem
1091 2139 1200 2188 intendit

132 2207 172 2264 h,
185 2209 304 2269 primatus
320 2205 504 2256 benedictionis
522 2209 641 2270 accipiet,
666 2221 744 2257 suam.
757 2211 787 2255 ut
797 2209 853 2256 ideo
865 2207 949 2256 osium
960 2209 1043 2268 pastor
1057 2207 1198 2267 inducitur3

132 2271 179 2320 sna
189 2275 331 2336 patriarcba
343 2274 420 2321 Jacob
433 2274 476 2333 qui
490 2276 641 2324 continentia
666 2279 768 2336 eoquod
781 2276 926 2336 imperitare
940 2275 1035 2336 corpori
1047 2277 1073 2322 et
1083 2276 1198 2323 sensibus

133 2341 372 2392 tttbhmnarum
383 2344 551 2403 supplantavit
565 2347 640 2393 resti·
665 2345 719 2403 eius
735 2357 763 2392 ac
777 2344 959 2403 voluptatibus,
977 2344 1078 2402 votique
1098 2342 1199 2389 modurn

132 2410 161 2465 {5³
170 2414 314 2471 muna.
327 2413 378 2461 iste
392 2412 428 2459 ait
441 2414 641 2462 :Misericordiam
664 2414 764 2471 tenere,
776 2424 807 2459 no
824 2412 894 2459 vetut
909 2410 962 2458 ovis
973 2411 1076 2469 vagetur
1086 2410 1196 2470 incerta,

132 2481 344 2539 namneus,
360 2484 385 2529 ct
398 2483 453 2529 aaut
472 2481 639 2530 testitimonia.
664 2482 819 2541 prestantius
840 2479 989 2535 estimatur,
1014 2489 1087 2536 quam
1112 2488 1198 2535 repere

134 2544 183 2596 Hm
197 2549 275 2610 itaqde
293 2548 495 2598 misericordiam
512 2561 557 2597 nos
575 2551 640 2609 fide,
665 2551 781 2611 populos,
792 2546 834 2598 sel
846 2559 952 2606 preesse
963 2544 1075 2592 urbibus.
1087 2545 1199 2591 Drrrrcr·

134 2617 203 2678 bodio,
211 2620 382 2680 operibusque
391 2619 642 2678 mereamur,quibus
665 2631 720 2666 urus
731 2618 798 2665 enim
814 2614 938 2676 quispiam
953 2626 994 2672 se,
1009 2625 1081 2674 quam
1093 2613 1198 2659 alterum

135 2683 245 2748 ianime
257 2689 360 2737 invenit
375 2687 451 2734 braot
466 2688 568 2745 gratiam
579 2688 640 2747 Dei,
665 2686 738 2745 regit.
750 2685 864 2732 animum
874 2682 990 2741 vincere,
999 2681 1150 2728 iracundiam
1156 2692 1198 2726 co-

135 2756 194 2815 ‘iper
205 2759 284 2819 ipsam
296 2757 392 2806 omnia.
407 2756 459 2803 Nou
473 2756 540 2803 euirn
555 2757 641 2804 mundi
665 2753 765 2812 hibere,
782 2751 1023 2812 compugnantesque
1039 2751 1107 2809 teges
1118 2749 1198 2796 carnis

135 2819 184 2882 boias
195 2829 292 2887 copias,
303 2827 349 2874 sed
359 2825 483 2872 virtutum
498 2824 642 2886 disciptinas
665 2824 690 2869 et
704 2822 795 2870 mentis
813 2822 838 2868 in
855 2832 932 2867 unum
947 2831 1033 2879 cogere
1052 2817 1198 2865 immortalis

134 2889 296 2956 *inpetere
305 2893 439 2954 pandebat.
450 2893 642 2941 tlasnobissub-
665 2891 791 2949 cujusdam
810 2891 848 2938 est
863 2889 912 2937 uiri
929 2901 1003 2948 quem
1019 2886 1112 2934 interni
1126 2887 1197 2945 porta

106 2969 109 2972 ’
134 2961 236 3012 *finnus
253 2964 384 3022 heredes,
402 2973 463 3021 quas
479 2965 577 3009 sanctus
592 2964 642 3009 Ab·
665 2974 712 3007 non
722 2960 833 3019 ceper-n.
844 2958 960 3017 Denique
970 2957 1023 3017 ipse
1031 2956 1079 3003 sibi
1088 2955 1197 3015 Legisla-

134 3029 194 3078 {ban
203 3034 229 3080 in
238 3034 307 3081 isaac
320 3032 374 3078 tilio
384 3042 430 3077 suo
440 3030 568 3078 substituit
578 3032 640 3090 sibi,
666 3031 702 3076 tor
713 3028 848 3076 vindicavit
859 3028 905 3074 boc
917 3039 1019 3084 muuus;
1032 3026 1060 3073 ut
1071 3037 1129 3072 oves
1140 3037 1197 3083 pas·

133 3097 642 3161 sumopenrmsuorumdeputansbasre·
665 3102 733 3146 ceret
743 3099 824 3157 tetro,
842 3097 885 3157 qui
898 3095 989 3142 dicitur
1005 3094 1158 3153 superfluus,
1171 3093 1197 3142 et

132 3164 211 3216 ibim
223 3169 331 3230 sapienti
348 3169 375 3214 et
384 3166 451 3225 iusto
464 3166 533 3226 viro,
545 3180 591 3215 nec
602 3170 642 3216 ul·
664 3169 748 3227 ageret
756 3168 781 3214 in
792 3167 917 3214 desertum
929 3178 936 3210 ε
949 3163 1054 3223 eoquod
1066 3163 1196 3209 irrationa-

130 3230 170 3282 ln
178 3237 225 3292 eius
234 3236 422 3286 bereditarium
434 3234 532 3282 ancillis
546 3234 586 3281 eei
598 3248 641 3282 an·
665 3236 740 3282 bitem
750 3236 774 3282 et
783 3231 1065 3293 superssniaulqarisquo
1077 3231 1197 3278 sermonis

129 3302 224 3352 cibran
237 3307 295 3354 filiis
312 3305 506 3363 derelinquens,
522 3303 567 3351 sed
589 3305 642 3351 tan·
665 3302 840 3364 loquacitatem
867 3300 999 3347 indisereta
1019 3297 1130 3355 quedam
1157 3310 1197 3344 so·

128 3373 385 3423 tamnododonatiouis
396 3385 510 3420 munera.
522 3373 641 3423 Perfecta
664 3373 723 3418 briae
735 3369 851 3417 doetrinae
861 3367 942 3425 coegit
951 3364 1077 3425 mysteria.
1090 3363 1196 3424 ideoque

125 3443 178 3490 erin
197 3444 303 3492 virtutes
317 3444 401 3490 totum
416 3432 542 3500 accipiunt
557 3441 640 3500 glorie
665 3439 781 3500 AEqyptiis
800 3434 976 3484 abominationi
994 3433 1197 3492 erantpastores

125 3515 301 3572 ptumum,
314 3512 417 3561 usitatis
434 3513 460 3559 et
475 3510 641 3558 mediocribus
665 3509 758 3554 ovium.
770 3503 935 3554 Omncsenim
944 3502 986 3563 qul
998 3500 1107 3562 corporis
1117 3498 1196 3550 dediti

125 3582 163 3628 rite
172 3584 265 3643 aliquid
280 3581 446 3642 adspergitur.
465 3581 495 3626 Et
509 3579 566 3626 ideo
579 3581 641 3638 Agar
665 3576 817 3636 passionibus
826 3573 981 3632 hujusmodi,
992 3569 1195 3630 etvoluptatibus

122 3648 640 3708 aaasdvemtnmedicituratqueaecora,
665 3644 794 3704 indulgent
815 3643 879 3702 suis,
899 3641 1089 3702 disceptatorem
1107 3640 1195 3700 uerbi,

124 3721 255 3767 suthon
265 3732 322 3779 quas
337 3715 461 3764 odorifera
475 3715 639 3776 significatur,
664 3713 837 3773 doctoremque
855 3710 957 3759 virtutis
974 3707 1078 3770 quadam
1093 3720 1195 3757 execra-

124 3785 485 3845 mimendensem
495 3784 640 3833 mediisuti·
666 3782 733 3829 tione
750 3780 883 3829 declinant.
900 3780 928 3826 Et
944 3778 999 3826 ideo
1010 3790 1055 3838 per
1065 3777 1195 3837 aenigmata

124 3858 157 3901 tur
164 3856 313 3917 disciplinis,
325 3855 420 3914 accola,
430 3865 481 3902 nou
491 3853 641 3901 inhabitator
665 3852 717 3898 baec
727 3849 810 3898 docuit
821 3849 914 3907 Moyses
926 3847 982 3906 apta
990 3847 1042 3893 Deo
1054 3857 1107 3893 esse
1118 3845 1195 3892 sacri-

126 3925 156 3970 vst
171 3926 305 3985 sapientie.
325 3924 408 3975 Odore
425 3923 569 3983 adspersus,
591 3935 640 3969 non
665 3918 797 3978 {Isimque
809 3917 901 3977 refugit
911 3916 990 3964 omnis
1003 3913 1136 3974 iusipiens,
1148 3913 1195 3960 troc

126 3990 196 4040 indu
212 3994 336 4054 expletur.
352 3992 489 4040 Sanitatem
506 3991 588 4036 autern
605 3989 641 4036 ci·
666 3982 1195 4046 est,operaetpraeceptasirtutis.1deoquo

129 4058 179 4121 bns,
188 4075 235 4111 ooo
246 4062 305 4111 odor
315 4062 424 4123 iacebit,
434 4059 495 4122 quia
505 4057 565 4107 odor
576 4058 642 4107 truc·
668 4055 898 4116 praerectissimam
909 4056 991 4102 autem
1003 4053 1114 4111 operator
1124 4051 1195 4096 terrm
