2676 4800
130 333 176 384 too
519 334 645 382 SANCTl
664 334 836 381 Anonoslt

129 427 190 465 vero
199 414 287 476 turpe,
297 414 345 463 lioe
354 412 496 476 mouens,
505 413 658 475 inconpoei-
682 414 758 467 etiam
767 411 926 476 singulariter
937 410 994 461 data
1002 410 1150 474 prescripta
1159 409 1217 461 vio·

130 484 198 543 tum,
209 484 282 545 atquo
297 483 431 533 dlsereturu
441 483 487 531 oetss
500 484 530 531 ut
541 481 597 531 ideo
608 484 657 531 ito-
681 482 750 532 lavit.
761 484 814 531 Lex
822 482 889 531 enim
897 480 1036 542 spiritualis
1045 480 1085 529 eat
1096 493 1105 529 r
1120 480 1148 529 et
1157 478 1216 529 idn

130 552 212 601 minue
223 548 343 603 unitatem
353 564 452 614 semper
462 549 609 613 intendens,
618 564 657 600 sa·
680 551 787 599 alterurn
802 551 829 599 tn
845 562 975 611 sermone,
991 548 1102 599 atteram
1111 548 1142 597 in
1150 558 1220 611 penu

130 620 239 669 eundern
255 621 376 669 unitatem
397 618 523 681 pracepit.
543 620 656 681 Denique
680 618 944 679 destinatione,dlvino
952 616 1222 685 popumnmuq,

129 690 251 738 unitatem
266 691 394 750 operatur,
406 688 450 750 qui
467 687 529 736 teeit
548 690 656 748 utraque
680 689 803 747 enodetur
819 689 927 737 oneulo.
947 688 1062 749 Denique
1082 687 1122 738 att
1135 700 1144 735 r
1158 686 1220 753 Μ,

129 770 216 806 unum
233 758 283 806 lieo
296 757 376 806 eolnrn
393 757 511 819 utraque,
526 756 656 805 sedetiam
681 758 1125 819 monumentatnotmtrtam.
1187 788 1190 793 -
1210 812 1216 825 ‚

129 837 215 876 omnes
231 838 309 875 unum
319 825 386 873 tecit.
396 826 486 874 ornnes
497 825 566 874 enirn
578 836 656 874 unum
710 824 749 874 98.
764 826 852 874 Facula
863 826 955 874 abirim
970 826 1151 888 praereptor·-
1214 850 1217 855 ·

128 907 232 957 eorpus,
242 897 353 945 etenum
363 896 478 957 spirltum
489 906 543 943 esse
554 893 658 952 noejus·
681 893 781 943 leetium
790 894 868 944 sortes
883 894 1085 954 videretur31tal

128 963 171 1013 eit.
188 965 236 1014 Per
255 965 337 1013 omnia
361 965 444 1013 antem
464 964 655 1025 primogenitos,
681 973 738 1010 nem
753 962 854 1024 plurimi
863 964 1061 1023 commoverent,
1067 962 1162 1024 quibet
1171 972 1211 1029 reg

129 1042 187 1079 enm
198 1032 232 1082 eit
242 1032 268 1080 in
275 1032 370 1081 unitate
380 1044 437 1081 eum
446 1032 531 1092 Patro,
542 1032 657 1091 enniano·
681 1031 795 1092 sponderi
815 1033 912 1094 oportet
921 1044 936 1080 a
946 1032 1030 1091 nobia3
1041 1043 1074 1081 ne
1085 1026 1213 1095 simplis*
1246 1036 1252 1079 t

127 1098 306 1150 ttmimnslatri
314 1100 469 1162 somperest3
480 1101 538 1163 qnia
549 1099 656 1147 Verbum
681 1099 1210 1162 mentesmalitiooninterpretationetredn.
1244 1112 1252 1145 a

129 1169 184 1218 erat
197 1171 263 1231 apud
278 1170 366 1218 Deum.
381 1169 494 1231 Denique
510 1169 546 1217 ait
557 1181 564 1215 r
574 1170 624 1229 ligo
634 1170 657 1216 et
681 1172 745 1217 eant.
765 1170 878 1230 Plerique
897 1170 981 1230 euim,
1003 1181 1110 1230 qnorum
1126 1168 1210 1231 andr]
1246 1176 1252 1215 t

127 1239 201 1288 Petra
208 1253 282 1288 eoem
288 1238 540 1299 aemru3utnnitntem
547 1237 595 1286 eibi
604 1247 657 1282 mn·
680 1239 791 1301 Apelles,
802 1240 867 1289 stent
876 1239 952 1287 liabeo
962 1239 988 1288 in
998 1238 1161 1299 trigesimoot
1169 1248 1210 1295 eni,
1224 1238 1232 1249 “
1244 1246 1252 1305 Ι1

125 1306 222 1367 ieetntis
240 1311 266 1357 et
282 1307 421 1356 divinitatis
440 1320 497 1357 eum
515 1309 587 1355 Patre
602 1318 656 1354 ease
681 1307 949 1367 tavotornoejos,lras
962 1307 1209 1375 questioneapvepnf
1242 1350 1245 1355 .

129 1377 285 1425 neustr-rot
296 1376 343 1423 Sed
354 1379 379 1423 et
388 1387 433 1423 nos
442 1388 520 1423 unum
531 1387 584 1423 esse
592 1387 657 1435 pra-
681 1379 761 1425 nunta
772 1377 898 1436 Quomodo
909 1376 1001 1437 iignum
1012 1376 1072 1425 vite
1082 1376 1140 1439 plne
1150 1386 1208 1439 opeq

129 1444 209 1504 oepit,
221 1446 247 1492 ot
260 1457 310 1493 eun
319 1446 413 1492 naturae
424 1444 575 1503 unitatisque
586 1443 656 1491 sirni-
680 1446 728 1493 rari
738 1447 837 1495 videtur
844 1446 875 1495 ad
885 1446 1060 1507 vitam,quarn
1075 1442 1208 1509 insulula

128 1512 657 1576 titudineminnosgratiaeadoptionotrnns·
681 1514 874 1563 nolrneinueot
886 1512 1208 1574 tonunemnouperteotvtn

128 1580 194 1629 teuit
204 1581 305 1630 diceus:
316 1584 457 1631 Poteretont
468 1584 539 1643 egoet
549 1586 656 1631 laeuam
680 1582 740 1631 lesit
760 1585 844 1643 Deus,
866 1583 1035 1643 uuusquisque
1060 1581 1146 1631 notem
1163 1576 1208 1643 μ’
1238 1616 1247 1623 -

127 1664 222 1710 mmm,
239 1653 273 1699 ito
290 1654 313 1699 et
330 1653 371 1700 isti
386 1653 411 1700 ta
426 1650 494 1700 notis
507 1663 582 1699 eoem
599 1654 654 1700 olvat.
680 1650 959 1713 industrinmpropriavn
974 1648 1210 1713 perlectionemtiltt

128 1719 190 1780 Ergo
202 1720 245 1767 ulli
255 1720 349 1767 bonnm
357 1718 482 1780 praecipit,
493 1719 617 1779 taurqmnv
625 1720 656 1766 ad
680 1720 780 1769 virtutis
790 1721 921 1768 ndseieelta
937 1733 1022 1769 norme
1040 1720 1209 1783 videtunpln

128 1800 208 1837 unum
226 1788 338 1849 praeopto
361 1788 461 1847 dhone,
485 1789 554 1836 noa.
570 1788 657 1835 linitae
680 1787 1210 1849 silotlrornoeoqulrere,‹puanroll)euaeon·

129 1857 197 1904 enlm
207 1857 363 1918 praevurieari
377 1868 427 1904 uon
438 1856 527 1917 potest.
538 1856 585 1903 Ubi
596 1869 655 1904 vero
681 1855 752 1905 tulitt
769 1856 880 1903 'tortium
895 1856 1034 1915 objiciunt:
1048 1857 1078 1905 Et
1097 1856 1118 1905 el
1138 1856 1210 1921 Ιιοιρ

129 1925 161 1974 de
172 1926 238 1987 ligno
248 1926 357 1975 scientim
367 1924 425 1972 boni
435 1928 460 1973 ot
470 1925 529 1972 mali
537 1924 598 1972 dicit
607 1937 655 1972 nou
680 1936 729 1971 nou
739 1926 879 1985 gustaverat
895 1928 1017 1986 mortem,
1032 1926 1121 1987 utique
1134 1934 1210 1991 qum

129 2006 183 2043 ease
191 1994 351 2056 gustandum,
363 1994 433 2055 quael
443 1994 473 2041 ad
488 1994 572 2054 plures
581 1993 655 2054 dicit,
680 2005 729 2045 uon
739 1995 895 2056 gustaverat,
905 1996 969 2044 eolre
977 2008 1026 2043 uon
1036 1996 1210 2057 poterat-lieu

128 2064 183 2112 Neo
202 2066 279 2114 edetis.
297 2064 368 2124 Quod
386 2063 452 2110 euim
466 2061 656 2122 prohibitorium
680 2061 916 2124 einongustaverat,
926 2065 1065 2125 nesciebat3
1081 2064 1211 2121 einewin·

129 2135 180 2194 oet,
190 2136 313 2194 tamquam
324 2133 438 2193 pluribus
454 2131 597 2191 imperatur.
608 2133 655 2190 ego
681 2130 736 2189 irat,
747 2131 836 2180 timore
846 2146 895 2181 non
906 2135 1009 2195 poterat.
1025 2134 1125 2181 Frustra
1135 2124 1211 2195 igitur

128 2203 212 2251 umen
223 2201 291 2250 nllud
301 2203 374 2262 puto,
383 2202 409 2249 ot
418 2198 479 2260 quid
489 2199 599 2247 tutorum
609 2201 655 2258 sit,
681 2198 747 2245 lieno
757 2201 859 2247 mortem
869 2214 913 2261 pro
922 2204 1014 2249 tervoro
1023 2200 1211 2263 oblecttffluen

127 2270 155 2319 iu
166 2269 219 2330 ipso
235 2270 287 2329 lam
296 2270 342 2317 liei
362 2279 474 2316 sermone
493 2269 600 2327 reperio.
619 2268 655 2315 lie
681 2267 793 2315 hominos
807 2281 855 2316 non
867 2270 996 2317 timebant.

129 2338 197 2389 omni
212 2338 278 2401 ligno
289 2335 435 2399 gustandum
445 2334 503 2382 ida
509 2335 555 2383 soli
564 2348 657 2396 praeoe·
710 2334 749 2383 29.
767 2338 893 2386 Diseamns
905 2339 979 2398 igitur
988 2338 1054 2399 quod
1067 2339 1105 2387 lit
1114 2338 1211 2401 liguum

126 2408 181 2471 pit,
191 2420 265 2470 quem
274 2407 430 2456 servaturum
439 2404 532 2453 sciebat
542 2417 550 2450 τ
561 2404 592 2454 de
609 2405 656 2464 lig·
680 2404 737 2452 vitae
747 2405 791 2453 nii
803 2406 877 2454 otiam
888 2408 981 2467 lignum
994 2407 1105 2455 seientia]
1115 2408 1178 2457 ivoni
1185 2410 1213 2461 et

125 2487 161 2527 no
180 2479 263 2527 autern
285 2475 394 2525 scientiae
410 2473 469 2521 boni
485 2473 585 2522 otianti
607 2486 655 2521 uon
680 2475 738 2521 mall
749 2474 892 2535 produxerit
901 2478 975 2533 Deus.
982 2477 1062 2525 llnlvoe
1073 2478 1141 2525 enlm
1151 2478 1211 2543 qula

127 2557 182 2596 eene
195 2546 355 2608 gustandum,
365 2544 415 2602 inm
433 2555 483 2591 non
499 2542 656 2602 singulariter
681 2544 796 2602 produxit
805 2546 898 2605 lignum
911 2548 968 2594 vitu
983 2542 1004 2591 iv
1013 2561 1071 2604 pauo
1081 2542 1122 2591 τοῦ
1132 2562 1212 2609 παρα·

125 2615 171 2663 ned
180 2614 309 2676 pluraliter
319 2613 387 2661 dicit.
405 2609 503 2659 Sciebat
514 2611 581 2657 enirn
592 2624 656 2669 prro-
679 2609 758 2672 διισου,
766 2614 812 2662 hoe
823 2615 872 2673 est,
884 2615 910 2663 iu
921 2616 1001 2664 medio
1012 2616 1127 2676 paradisi.
1139 2616 1212 2679 Aput

127 2683 291 2730 varienturum
299 2680 443 2739 mulierem,
454 2679 592 2737 etldeopor
602 2681 655 2738 plu·
680 2678 1149 2747 nosenlmtvpssolntelogituaqoodln
1157 2700 1211 2739 me·

127 2750 249 2797 uallarem
260 2748 366 2795 ostendit
375 2759 424 2793 non
432 2748 585 2805 servaturos,
596 2748 654 2807 quio
680 2751 719 2798 dio
730 2750 881 2811 produxerit.
893 2755 954 2813 Ergo
965 2755 990 2801 iu
1000 2755 1082 2803 medio
1092 2756 1211 2817 paradiso

126 2818 236 2880 plurium
247 2815 352 2863 dmorota
368 2813 490 2862 eontentio
501 2816 547 2861 est.
679 2821 836 2880 otvituornt‚
848 2825 873 2871 ot
890 2836 962 2870 causa
979 2825 1072 2871 mortis.
1090 2826 1209 2889 tutellige

157 2886 197 2934 27.
206 2886 236 2933 Et
245 2884 365 2944 quantum
375 2883 407 2930 ad
420 2883 579 2944 Septuaginta
587 2884 654 2932 viro-
677 2888 736 2946 quie
746 2889 939 2939 nonhomoteoit
947 2893 1035 2954 vitam,
1044 2892 1137 2942 sedvel
1146 2907 1211 2957 ope-

126 2966 182 3004 rum
198 2952 345 3002 sententiam
365 2952 473 3012 apertat,
491 2953 599 3000 solutum
616 2959 653 3003 est
678 2957 767 3017 raudo,
786 2959 826 3007 vel
845 2960 1002 3007 eustodiendo
1020 2961 1134 3010 mandata
1160 2965 1211 3015 liei

125 3022 193 3085 quod
209 3021 332 3069 movebat.
349 3019 397 3068 Sed
417 3020 475 3080 quia
494 3020 653 3081 Symmachus
678 3027 757 3083 potuit
772 3026 892 3075 invenire.
905 3031 961 3077 Erat
975 3030 1056 3076 autom
1067 3033 1131 3089 olto,
1143 3022 1210 3085 eleut

125 3094 259 3150 utrumque
277 3088 435 3149 singulariter
444 3088 522 3148 dixit,
534 3088 653 3153 intelligi·
676 3095 804 3154 Apostolus
814 3096 891 3155 dixit,
902 3098 1036 3147 abscondito
1045 3113 1098 3146 eom
1112 3101 1209 3153 Giarnto

126 3170 182 3208 tuus
198 3158 223 3206 ld
243 3158 368 3218 secutum,
385 3157 444 3217 quio
454 3158 481 3205 in
490 3157 545 3219 lege
556 3172 651 3220 quoquo
677 3165 701 3209 in
711 3166 769 3211 Deo.
781 3166 857 3213 Homo
869 3179 925 3227 orgo
941 3168 993 3214 sive
1010 3167 1133 3217 inumbra
1148 3171 1210 3223 vita

126 3239 182 3277 eum
190 3227 309 3287 populum
317 3226 450 3286 alloquitur
459 3226 533 3287 Deos,
544 3228 652 3287 singula·
677 3234 1208 3297 erntproptervitamiuturnm3quiaumbra

124 3298 187 3345 riter
195 3296 313 3357 loquitur,
322 3296 385 3344 slent
394 3296 558 3345 habeoerda'
563 3300 637 3348 lornei
643 3334 650 3359 ,
677 3302 714 3348 est
731 3300 783 3348 haee
802 3314 857 3361 quae
875 3315 940 3351 nune
956 3306 1037 3352 nostra
1054 3306 1093 3353 oet
1109 3308 1164 3355 vita
1179 3309 1209 3359 in

123 3367 463 3423 montemmaranum
479 3379 541 3415 anne
556 3370 650 3427 estrei,
677 3369 755 3429 terra,
774 3369 826 3418 sive
851 3370 878 3417 in
898 3373 1003 3430 quodam
1024 3374 1124 3434 pignore
1146 3377 1208 3427 vitan

123 3436 211 3496 Diliget
220 3437 346 3484 Dominum
358 3438 434 3483 Mum
445 3438 520 3483 tunm.
531 3437 580 3484 Nee
589 3437 651 3485 milvi
676 3439 741 3496 erat,
756 3439 813 3498 quia
828 3439 934 3489 habebut
944 3441 1133 3491 insultationem
1146 3436 1207 3499 liei.

124 3502 270 3564 prejudicat
296 3502 436 3562 Symmachi
464 3504 651 3566 interpretatio,
676 3506 787 3554 ilabebat
807 3520 864 3568 ergo
882 3508 969 3568 pignus
992 3511 1206 3565 immortalitatiet

123 3572 167 3633 qui
182 3571 303 3618 unitatem
314 3572 392 3619 Patrio
403 3575 429 3621 et
438 3573 494 3621 Filii
506 3575 592 3623 videre
602 3588 651 3624 non
675 3575 717 3621 sert
728 3575 754 3621 iu
765 3576 851 3624 umbra
859 3579 917 3625 vitoe
933 3579 1026 3637 positus
1034 3580 1207 3635 absconditam

123 3640 218 3700 potuit;
234 3638 281 3686 etei
302 3639 432 3700 aliquoties
449 3641 476 3689 in
493 3654 605 3690 sermone
626 3646 651 3693 et
676 3641 752 3690 vitam
762 3656 819 3691 oum
835 3645 930 3694 christo
941 3648 966 3694 in
978 3648 1028 3695 lloo
1038 3636 1133 3711 vulgari
1141 3666 1207 3714 quo·

124 3706 211 3768 Aquila
226 3707 315 3767 etipse
331 3708 435 3758 contesei
453 3710 511 3759 siut.
522 3712 572 3759 lieo
583 3713 651 3773 quie-
675 3712 731 3760 dnm
741 3714 808 3761 tactu
817 3716 842 3762 et
852 3715 968 3775 adspectu
979 3718 1065 3766 videre
1075 3721 1102 3768 et
1112 3734 1203 3782 capere

124 3775 279 3838 quamdeeo
293 3776 360 3836 quod
373 3779 589 3841 prevaricatorem
607 3794 652 3840 po-
676 3793 724 3829 non
739 3784 844 3842 poterat.
862 3784 913 3832 Etsi
938 3786 1047 3834 noudum
1072 3792 1204 3855 peccator,

125 3846 210 3906 pulum
224 3844 309 3893 divina
318 3847 432 3895 mandata
448 3848 605 3908 singulariter
614 3852 651 3897 nt·
675 3853 816 3901 nontamen
827 3854 986 3914 incorrupta,
1003 3854 1204 3922 inviolabilisque

125 3913 323 3977 loquitur‚putot
332 3917 452 3977 superiori
459 3918 540 3964 nostro
550 3917 649 3966 obvium
676 3921 783 3980 naturae3
795 3923 880 3981 utpote
893 3924 936 3982 qui
946 3925 1029 3983 postea
1039 3930 1139 3985 peccato
1151 3929 1204 3991 lnp-

125 3991 179 4031 esse
192 3983 312 4047 sermoni,
322 3985 380 4047 quia
395 3984 500 4047 populos
512 3985 650 4037 ludaeorum
675 3991 777 4053 suseet,
789 4003 940 4052 nequaqnam
958 3994 1042 4043 autom
1052 3994 1133 4045 adhue
1144 4010 1204 4061 prof
