2676 4800
219 465 248 510 ra
594 461 726 508 cancri
745 432 921 507 aunnosr'i

216 546 298 605 nisime
309 545 335 594 et
349 545 476 606 congruit,
490 545 526 592 sic
542 543 619 591 babet
629 558 636 591 r
648 546 679 591 lit
689 543 741 604 spi·
767 544 849 590 nebrae
865 541 1018 603 superiora,
1033 540 1092 602 qula
1110 539 1223 589 nondum
1245 539 1301 590 erat

215 616 274 662 ritus
285 617 330 662 Dei
344 615 533 674 (nebulaquos,
549 613 576 660 id
587 611 742 660 estrivldca·
767 612 851 659 lumen
864 613 928 672 diei,
942 611 1050 659 nondum
1065 609 1124 658 solis
1141 611 1239 672 radius,
1255 609 1300 672 qul

216 683 271 742 bat,
283 685 311 731 ut
326 684 352 731 in
366 695 441 730 novas
452 682 551 742 cogeret
566 681 743 739 creaturas,ct
767 681 829 727 solet
847 682 873 729 et
888 680 934 728 sub
950 681 1021 740 aquis
1037 679 1143 726 latentia
1159 674 1300 727 declarare·

215 751 268 798 totu
278 765 321 799 suo
331 751 451 799 animaret
462 752 492 799 ad
503 751 656 798 etiamtiam
667 747 742 796 ctiam
767 748 829 805 Quid
841 761 898 809 erqo
909 749 995 797 dicunt
1012 747 1078 808 quod
1089 748 1157 796 Deus
1173 745 1300 797 creavcrit

214 820 334 879 Spiritum
344 821 455 868 sanmm
471 820 576 879 leqlmus
592 819 741 876 creatorem,
767 818 872 876 malum,
888 830 945 865 cum
964 829 997 864 ex
1007 817 1136 864 contrariis
1148 818 1175 864 et
1185 815 1299 864 adversis

214 888 312 936 dicente
319 889 374 947 lob,
382 890 481 948 Spiritus
491 890 580 935 dicim
589 889 630 947 qui
636 888 689 947 {cett
696 899 741 932 mc.
767 897 920 946 nequaquam
940 886 988 934 sibi
1005 885 1109 933 adversa
1127 881 1311 944 generentur·

213 957 272 1004 Sive
283 969 340 1015 erqo
348 957 453 1017 Spiritus
463 956 560 1004 sanctus
573 954 743 1014 superiereba·
766 957 815 1004 llec
826 957 893 1004 enim
903 957 954 1004 rita
960 954 1186 1015 mortemqenerat,
1194 967 1242 1002 nec
1250 955 1298 1002 lux

214 1028 256 1073 tur
265 1038 340 1086 super
350 1038 437 1086 aquas,
448 1025 558 1073 tenebras
566 1023 742 1072 contrariarum
767 1025 890 1073 tenebras.
901 1027 954 1073 lion
964 1025 1031 1072 enim
1040 1025 1105 1072 sicut
1115 1023 1298 1072 muniunto

213 1095 334 1143 virtutum
344 1108 418 1155 super
429 1107 470 1141 eas
480 1106 533 1141 esse
546 1105 595 1140 non
611 1092 741 1152 poterant,
768 1094 909 1154 affectuum,
917 1093 1034 1142 itaetlam
1043 1093 1229 1154 generationum
1238 1103 1298 1154 pro-

214 1164 257 1210 nbi
268 1165 348 1212 lucrum
360 1164 407 1211 sibi
419 1165 486 1211 tanta
497 1163 573 1222 gratia
584 1161 741 1222 vindicabat:
766 1162 901 1220 qressioncs
917 1163 983 1210 sunt.
1000 1163 1051 1209 lllae
1070 1174 1103 1208 ex
1122 1161 1257 1210 contrariis
1268 1161 1296 1210 in

212 1232 281 1291 civo,
302 1233 330 1280 ut
347 1233 446 1292 quidam
464 1230 564 1292 volunt,
576 1241 659 1278 aerem
677 1228 742 1288 acci·
766 1231 887 1278 contraria
908 1230 1025 1291 propositi
1038 1229 1177 1277 dellexione
1191 1230 1297 1277 veriun-

212 1301 296 1359 piant,
314 1301 478 1360 respondeant
492 1311 539 1360 qua
556 1299 652 1346 ratione
663 1297 742 1358 Spiri-
766 1298 806 1344 tur
815 1310 823 1344 ι
833 1299 886 1346 istae
902 1311 952 1346 non
963 1310 997 1345 ex
1011 1297 1140 1345 contrariis
1152 1297 1177 1343 in
1189 1297 1296 1345 adversa

212 1368 265 1414 tum
278 1368 326 1413 Dei
344 1367 517 1426 dixerit,cum
527 1367 586 1414 satis
603 1365 680 1412 luerit
690 1365 742 1423 spi·
766 1366 947 1426 deflectuntur,
963 1365 1008 1414 sed
1023 1378 1056 1413 ex
1072 1365 1183 1424 ejusdem
1195 1363 1296 1424 ueneris

213 1435 287 1483 ritum
302 1446 455 1494 nuncupare.
758 1433 806 1480 'vel
825 1435 980 1495 auctoribus,
995 1433 1036 1482 vel
1050 1435 1131 1482 causis
1150 1434 1254 1492 emta,
1265 1431 1295 1481 lu

240 1504 283 1551 dd.
303 1503 410 1562 llierqo
428 1503 516 1549 volunt
535 1513 550 1548 a
569 1500 669 1548 domino
688 1501 740 1547 lleo
765 1500 954 1550 similitudinem
969 1503 1008 1550 sul
1022 1501 1294 1550 rciemnturauctorls.

214 1573 298 1619 nostro
315 1572 420 1630 quatuor
434 1571 543 1630 primum
560 1570 684 1618 elementa
698 1581 741 1629 qe·
795 1571 834 1617 di.
855 1571 919 1629 Quid
941 1571 1016 1630 igitur
1037 1569 1162 1619 dicemusi
1177 1569 1204 1617 Si
1225 1569 1295 1618 enlm

213 1640 311 1698 nerata,
321 1640 424 1699 coelum,
435 1640 542 1697 terram,
553 1651 636 1698 mare,
644 1650 740 1698 aerem;
765 1651 846 1698 neque
851 1640 904 1687 sine
909 1639 1033 1699 principio
1040 1639 1086 1698 est,
1092 1637 1162 1699 quasi
1170 1638 1293 1698 increata,

213 1719 244 1755 oo
258 1707 324 1767 quod
338 1719 416 1754 causae
438 1719 535 1767 rerum,
553 1707 618 1767 ignis
634 1702 739 1766 elsarn,
766 1718 845 1767 neque
855 1710 929 1755 alleo
939 1707 1019 1768 iacta,
1035 1707 1101 1755 unde
1118 1705 1195 1754 babet
1203 1709 1295 1754 natura

213 1776 279 1822 terra
293 1778 319 1824 et
335 1787 399 1836 aqua
415 1776 479 1834 sint,
498 1789 530 1824 ex
548 1776 638 1837 quibus
654 1776 739 1823 mundi
764 1776 970 1824 malitiemiilam
977 1776 1192 1824 malaecselnboc
1200 1775 1295 1824 mundo

213 1844 309 1903 speeies
319 1845 412 1893 conant
421 1846 446 1893 et
456 1846 541 1893 forma.
554 1846 601 1893 Ubi
618 1846 692 1906 igitur
702 1844 741 1892 te-
765 1845 848 1892 nullus
863 1845 960 1905 sapiens
971 1844 1117 1905 denegavit,
1129 1857 1186 1892 cum
1196 1844 1293 1892 uittam

213 1915 295 1961 uebrae
311 1915 478 1974 nequitiarum
493 1915 644 1975 spiritalium
658 1916 739 1962 iocum
765 1912 880 1974 frequens
895 1915 921 1961 in
938 1914 984 1961 boc
994 1916 1083 1962 saeculo
1090 1915 1174 1974 lapsus
1183 1913 1215 1959 ad
1225 1925 1294 1961 mor·

213 1981 305 2030 babere
316 1984 462 2043 potuerunt,
479 1997 536 2031 cum
549 1985 657 2045 augusta
666 1984 739 2043 buius
764 1981 824 2029 lem.
834 1982 882 2030 Sed
891 1994 923 2029 cn
932 1982 963 2031 iis
974 1996 1028 2043 quae
1037 1982 1089 2041 jam
1099 1983 1209 2029 diximus
1218 1993 1292 2042 ,poc-

212 2050 739 2111 decoremtissuraemundruinduerettlium·
764 2063 847 2098 sumus
874 2051 989 2111 colligere
1018 2051 1077 2111 quia
1099 2062 1149 2098 non
1170 2053 1210 2099 est
1232 2050 1293 2099 riva

212 2120 487 2178 quidelmulmalitiam
498 2119 738 2168 lleuscreavittsed
764 2119 918 2179 substantia,
939 2120 983 2168 sed
1001 2120 1092 2167 mentis
1112 2121 1188 2179 atque
1212 2119 1291 2167 animi

213 2199 242 2236 ea
260 2199 293 2234 ex
308 2189 379 2235 nobis
395 2192 464 2248 orta,
483 2201 556 2236 nona
569 2189 678 2237 creatore
687 2190 738 2236 Deo
764 2185 920 2246 depravatio,
936 2200 951 2235 a
971 2189 1069 2236 tramite
1085 2186 1185 2235 vinctis
1201 2186 1291 2246 deria,

213 2255 737 2317 condita‚morumlevitateqeneratur‚non
763 2268 817 2315 quae
836 2257 1013 2303 incuriosorum
1031 2256 1121 2304 animis
1142 2267 1217 2316 qoam
1238 2254 1291 2303 ire·

213 2323 288 2370 ullam
303 2324 423 2372 creatura
433 2323 737 2385 babenspraerogativam,
762 2327 868 2384 queuter
886 2326 993 2385 obrepit.
1009 2326 1061 2372 iton
1077 2324 1152 2384 iqitnr
1161 2324 1193 2370 ab
1203 2325 1290 2372 extra·

212 2403 259 2440 nee
270 2394 443 2441 auctoritatem
452 2394 594 2442 substantia
601 2394 737 2453 naturalia,
763 2393 816 2440 neis
825 2393 862 2441 est
873 2394 943 2441 nobis
952 2393 1135 2453 ,quamanobis
1140 2393 1201 2452 ipsis
1208 2393 1288 2451 majus

210 2462 254 2508 sed
273 2463 445 2510 mutabilitatis
460 2463 565 2520 vitium,
584 2463 610 2510 et
629 2462 737 2509 errorem
761 2463 909 2520 periculum.
919 2463 986 2509 lotus
996 2460 1289 2519 estadversariusstnmc

211 2530 381 2589 prolapsionis,
396 2531 518 2577 Erudicari
533 2532 596 2577 hanc
607 2531 673 2577 Deus
684 2530 737 2577 vult
761 2532 845 2577 anctm
856 2530 959 2590 erroris,
971 2531 1051 2588 intus,
1061 2530 1178 2590 inquam,
1190 2531 1288 2578 clausus

211 2597 242 2643 de
259 2598 348 2644 animis
361 2599 527 2656 singulorum,
543 2598 664 2657 quomodo
682 2610 736 2644 eam
762 2598 1287 2659 innobiometipsis.Propositumiuurnspe·

211 2663 264 2721 ipse
275 2665 736 2726 generaretiClarnatProplreta:Deci·
761 2667 859 2724 culare,
873 2667 985 2714 habitum
1000 2669 1049 2715 tum
1065 2668 1155 2715 mentis
1169 2667 1286 2726 explora,

209 2733 382 2780 oiieomotitiis
390 2736 479 2781 ceolric.
491 2735 521 2780 nt
531 2735 657 2795 praecipne
666 2748 736 2783 canc·
760 2736 877 2783 excubias
885 2736 992 2785 obtende
999 2737 1128 2784 adversum
1137 2735 1286 2785 meutistuae

121 2802 127 2815 '
210 2800 250 2845 tus
260 2800 627 2862 Daridzllccincamolo,ct{oe
635 2805 734 2864 benum5
760 2803 931 2863 cogitationes,
943 2808 969 2853 et
983 2806 1059 2852 animi
1074 2805 1231 2864 cupiditales.
1245 2804 1285 2850 'l'n

209 2867 331 2923 quomodo
351 2881 410 2928 erqo
430 2870 454 2917 ei
472 2870 573 2918 initium
591 2883 605 2918 a
631 2873 735 2920 Domino
759 2869 812 2928 ipse
824 2871 869 2918 libi
881 2884 989 2920 escausa
1006 2872 1219 2932 improbitatis,tu
1231 2871 1286 2931 ipso

210 2932 314 2981 damus?
324 2936 372 2983 Sed
388 2938 441 2985 haec
452 2939 535 2998 opinio
550 2938 633 2987 feralis
649 2953 733 2988 corum
759 2938 962 3000 dunilagitiorum
969 2943 1081 3000 tuorum,
1093 2940 1286 3001 otqueiucentor

210 3001 253 3058 qui
270 3005 460 3061 perturbandam
478 3006 612 3055 Ecclesiam
630 3011 734 3067 putare-
759 3008 898 3056 criminum.
917 3009 981 3067 Quid
998 3011 1105 3057 alienam
1120 3010 1232 3057 naturam
1243 3021 1285 3056 ar·

208 3073 507 3134 runtllincllarciones,
522 3076 580 3123 hinc
594 3078 733 3136 Valentini,
759 3077 833 3123 cessis
852 3078 882 3124 ad
905 3078 1089 3126 excusationem
1110 3079 1207 3126 tuorum
1230 3078 1286 3138 lap·

209 3138 267 3188 hinc
277 3142 360 3201 pestes
370 3144 420 3190 illa
430 3144 618 3192 manicheorum
637 3145 733 3193 lunesto
757 3144 844 3191 suuml
855 3146 950 3193 Utinam
963 3149 987 3194 ic
1003 3148 1055 3208 ipse
1066 3158 1115 3193 non
1125 3147 1285 3207 impelleres,

207 3211 347 3258 sanctorum
372 3212 497 3260 mentibus
515 3213 674 3261 tentaverunt
694 3214 733 3260 in·
759 3213 852 3260 nonam
868 3226 917 3261 non
933 3215 1115 3274 praecipitares,
1129 3214 1223 3261 utinam
1233 3226 1285 3263 non

206 3273 273 3327 lerro
289 3282 410 3343 contagia.
425 3281 489 3339 Quid
505 3280 576 3328 nobis
592 3281 683 3342 inipso
695 3285 733 3331 lu·
758 3281 896 3330 involveres
910 3286 953 3331 aut
973 3284 1060 3331 studiis
1080 3283 1286 3332 immoderatiori-

207 3345 275 3394 mine
286 3350 343 3398 uitae
349 3350 465 3398 wnebras
473 3349 559 3397 mortis
567 3349 732 3411 inquirimus?
757 3351 816 3411 bus,
827 3353 871 3399 aut
885 3352 1069 3411 indignatione,
1086 3352 1130 3399 aut
1142 3350 1284 3411 cupiditati-

207 3417 329 3475 seriptura
337 3418 422 3466 divina
428 3420 531 3466 salutem
542 3421 664 3480 suggerit,
674 3422 731 3469 vito
756 3419 815 3478 bus,
826 3433 881 3480 qure
890 3433 935 3468 nos
945 3421 1048 3468 innexos
1058 3422 1127 3469 velut
1137 3419 1283 3480 quibusdam

207 3483 306 3530 odorem
323 3485 429 3545 lraqrat,
444 3488 473 3535 ut
483 3488 632 3535 suavitatem
648 3490 731 3549 legens
756 3490 850 3535 retibus
868 3491 963 3537 terrent.
981 3491 1011 3537 nt
1027 3492 1094 3538 certe
1111 3490 1145 3535 in.
1156 3488 1227 3536 uobis
1244 3490 1284 3537 eat

206 3553 302 3612 capias,
311 3564 359 3599 non
370 3555 398 3600 ut
408 3556 539 3615 praecipitii
551 3557 683 3605 discrimen
694 3559 731 3605 in·
756 3556 876 3603 moderari
886 3559 980 3618 studia,
991 3559 1108 3606 cohibere
1119 3557 1282 3617 iracundiam,

207 3632 298 3668 curras.
317 3622 469 3683 Simpliciter
478 3624 547 3684 lege,
557 3639 572 3672 o
581 3627 670 3686 homo,
681 3639 729 3674 non
755 3627 1021 3685 coercereeupiditates
1030 3642 1036 3674 ε
1045 3629 1070 3675 in
1079 3627 1195 3675 nobiscst
1204 3626 1282 3674 etiarn

206 3687 254 3733 tibi
264 3689 317 3749 ipse
328 3690 424 3738 foveam
438 3704 530 3751 pravus
538 3694 660 3756 interpres
671 3695 731 3741 elio-
753 3693 881 3755 indulgere
894 3697 1015 3757 luxuriae,
1031 3697 1131 3744 adolere
1148 3696 1280 3757 libidines,

206 3756 273 3814 dias3
298 3758 404 3817 simplex
425 3771 506 3813 sermo
527 3763 580 3820 est,
603 3765 659 3822 quio
676 3763 729 3822 fecit
754 3762 905 3811 inflammare
926 3765 1095 3826 iracundiam,
1116 3766 1158 3813 rel
1182 3764 1282 3812 iniiam·

205 3825 267 3873 Deua
282 3828 397 3874 eoelamct
414 3830 664 3889 terram.recitquod
679 3842 727 3878 non
754 3833 830 3879 manti
856 3846 942 3882 aurem
961 3835 1159 3893 accommodare,
1185 3834 1281 3881 elevari

206 3893 270 3952 crat,
280 3906 329 3941 non
339 3895 473 3954 quoderat.
489 3898 521 3943 El
532 3899 655 3946 terruerat
669 3901 728 3947 inei·
753 3901 829 3959 magis
848 3903 977 3962 superbia,
992 3904 1085 3950 eiiundi
1101 3905 1128 3950 in
1146 3902 1279 3962 servitiam,

203 3960 290 4019 sibilis,
305 3976 397 4023 exque
413 3963 477 4011 iacta
493 3964 545 4020 est,
562 3965 629 4024 erat,
640 3967 727 4015 eterni
751 3971 1280 4031 quamreprimibumilitate,diligereman-

204 4029 349 4091 invisibilis,
370 4032 428 4091 quia
457 4031 598 4079 exundabat
620 4046 683 4094 equa
701 4038 726 4084 et
750 4038 915 4086 suetudinem.
934 4040 998 4097 Quid
1022 4040 1135 4087 naturam
1159 4050 1278 4100 accusas,

203 4098 329 4155 operiebat
340 4111 409 4157 eam,
422 4099 448 4146 et
458 4099 528 4147 crant
538 4111 612 4159 super
623 4114 677 4151 cam
688 4104 726 4153 te·
750 4118 765 4154 o
776 4106 864 4155 borno?
872 4107 953 4155 tiabat
963 4108 1007 4156 illa
1016 4108 1086 4156 volut
1097 4108 1277 4170 impedimento
