2676 4800
127 368 168 416 ιιι
438 343 440 346 ’
531 371 658 416 sinent
676 372 847 416 ιιιιιιιοειι

127 449 293 499 marcentibus
305 448 355 508 iarn
371 448 588 508 ssoribuslubrica.
602 452 654 498 illic
674 464 764 498 serens
776 452 867 510 virtus,
880 450 905 498 et
922 461 1034 498 casurum
1051 446 1103 496 cito
1115 445 1218 504 videor,

126 518 655 578 comessantiumtumuttus,concertantium
681 519 812 579 improviso
824 519 942 577 occurrit,
953 518 1033 566 uerita
1042 529 1075 565 ue
1087 517 1217 564 inter'mo·

127 586 230 646 clamor,
250 587 400 648 litigantium
417 587 508 646 caedes,
523 588 656 634 concentus
681 600 719 634 ras
735 587 860 636 illecebris
879 585 1079 634 demulcentibus
1090 597 1165 632 meus
1175 595 1216 644 ca·

126 657 290 715 coenantium,
308 655 449 703 saltantium
474 656 603 715 strepitus,
620 656 655 702 ri·
679 657 761 714 piatur
770 657 885 704 bumana.
896 656 992 714 Palam,
1004 650 1215 714 inquii‚apprrot

125 722 238 771 dentium
245 725 390 782 cachinnus,
396 724 576 772 lascivientium
586 724 656 784 plau·
680 725 725 772 tibi
736 737 784 772 nou
795 724 914 785 quaerenti
931 737 980 771 me.
992 725 1026 770 lle
1038 722 1110 771 lallat
1119 720 1214 782 impru'·

125 804 180 851 sus,
193 792 293 840 contusa
308 793 490 852 'omnia,nil1il
506 794 601 840 nature
617 805 655 840 or·
680 792 793 851 dentem,
811 794 837 840 et
848 792 1026 840 circumveniat
1037 793 1062 839 te
1074 788 1214 838 mulierct·

125 858 202 906 diue.v
212 860 354 908 saltatrices
372 862 461 920 musas,
478 861 504 908 et
520 862 655 920 crispantes
680 860 779 909 traenata
789 862 814 909 et
824 861 949 908 luxuriosa
957 874 1012 920 quaa
1022 872 1073 906 uon
1085 859 1158 907 norit
1167 871 1214 920 pu:

125 925 196 986 pueri
205 941 287 987 coma,
296 928 449 988 epulantium
458 928 573 987 cruditas,
581 929 655 976 eden-
679 929 762 975 dorem
775 942 782 975 a
795 929 864 976 sedet
875 929 901 974 in
912 928 1005 975 toribus
1018 928 1108 975 domm
1118 926 1213 975 inseiis

125 995 187 1043 tium
206 1000 303 1054 ructus,
322 998 446 1045 ebriorum
456 998 524 1056 sitis,
540 998 654 1046 besterna
679 998 791 1056 patamiu
801 996 1210 1056 plateisadvocanspraetereuutes.

126 1066 238 1124 crapula,
254 1065 372 1113 hodierna
388 1066 549 1124 temulentia,
560 1066 654 1125 repleta
679 1068 747 1113 ivurio
762 1069 831 1127 iqilur
845 1067 879 1125 fili
894 1068 951 1114 audi
967 1081 1017 1123 me,
1029 1066 1122 1113 intende
1138 1064 1210 1113 calu

125 1132 219 1180 vomitu
230 1133 368 1181 bibentium
379 1133 465 1193 pocula
477 1134 568 1191 majore
580 1134 653 1180 odore
679 1137 726 1183 oris
744 1138 798 1182 mei.
816 1138 871 1183 Iton
888 1136 983 1182 declimt
1001 1137 1026 1182 ira
1045 1137 1098 1182 eius
1112 1134 1226 1199 cissent

125 1199 262 1260 ebrietatis,
269 1214 342 1261 quam
351 1202 371 1249 si
378 1203 488 1249 recentia
494 1204 589 1248 tanturn
597 1202 654 1248 rina
681 1205 755 1250 tuum.
768 1205 852 1251 Multos
862 1205 923 1250 enirn
932 1200 1206 1267 vulperuadodeiem'lssl

125 1267 264 1328 flagrarent.
273 1272 327 1331 ipsa
339 1272 364 1318 in
375 1271 456 1318 medio
467 1273 542 1318 stans.
556 1271 652 1328 bibite,
678 1274 733 1318 sunt
750 1271 929 1318 innumerabiles
940 1285 996 1331 quos
1013 1272 1150 1318 trucidarit.
1160 1270 1205 1318 rra

125 1336 218 1398 inquit,
230 1342 256 1388 et
271 1341 443 1399 inebriamini,
455 1344 483 1388 ut
498 1341 568 1388 cadat
579 1353 654 1386 unus-
679 1338 807 1398 inferorum
819 1342 900 1387 doinus
917 1340 980 1398 ejus,
991 1341 1127 1386 deducentes
1143 1339 1213 1388 iaec*

35 1440 37 1443 .
125 1406 242 1470 «quisque,
254 1410 279 1457 el
294 1422 343 1456 uon
351 1411 469 1469 resurgat.
481 1410 524 1456 lile
538 1409 603 1468 apud
614 1420 653 1454 mc
679 1421 766 1454 cessum
781 1410 870 1456 mortio.
883 1409 957 1468 Auser
977 1411 1048 1469 iqitur
1057 1407 1101 1455 tibi
1111 1421 1204 1469 mom

126 1475 285 1536 primus‚qui
295 1478 404 1524 omnium
412 1477 600 1536 perditissimus.
610 1479 654 1526 llle
679 1489 717 1534 oe,
729 1480 751 1523 et
762 1478 849 1536 injusto
868 1478 931 1525 lobio
951 1479 1018 1538 lonqe
1033 1493 1049 1526 a
1064 1481 1085 1527 te
1099 1477 1203 1540 prepete.

126 1555 196 1591 uuaus
206 1544 257 1603 est,
276 1545 319 1603 qui
338 1558 395 1592 suus
409 1557 458 1590 non
473 1545 519 1591 est.
536 1545 581 1591 llte
592 1545 653 1592 mibi
680 1545 745 1592 Oculi
755 1549 789 1592 lui
793 1550 856 1593 recta
864 1548 1032 1594 videontrnoli
1041 1549 1158 1596 intendere
1165 1545 1204 1606 {cl-

126 1611 230 1670 matter,
242 1612 285 1671 qui
296 1611 344 1659 sibi
359 1612 471 1672 nequior.
483 1612 550 1659 Calix
566 1625 654 1660 aureus
679 1611 726 1660 luci
740 1615 839 1660 rnulieri.
857 1615 929 1660 illella
946 1615 1013 1662 enim
1032 1606 1206 1663 distillabuuta

125 1679 255 1739 Babylonis
264 1681 376 1728 inmanu
392 1693 446 1727 mea
465 1682 590 1728 inebrians
600 1695 654 1728 orn-
679 1680 751 1728 labiis
761 1683 872 1730 mulieris
881 1683 1031 1743 fornicarie,
1041 1698 1097 1744 quta
1107 1684 1139 1731 ad
1149 1685 1206 1743 tom
1218 1686 1224 1697 '

125 1760 183 1794 nem
193 1750 296 1808 terram,
308 1762 322 1796 a
333 1750 392 1797 vino
403 1761 457 1796 meo
468 1750 586 1797 biberunt
601 1763 654 1797 om·
679 1751 872 1810 pusimpinquot
883 1753 964 1800 lauces
973 1754 1041 1810 tuas,
1054 1755 1140 1813 postea
1150 1763 1206 1800 sero

125 1829 170 1864 nes
189 1819 283 1876 gentes.
302 1819 350 1876 Qui
368 1819 406 1866 est
423 1832 480 1878 erqo
498 1819 655 1878 insipientior
679 1820 822 1866 amariorem
831 1820 889 1867 telle
897 1821 1083 1868 inueniesbies
1091 1820 1206 1870 mecitius

126 1883 272 1933 divertatad
282 1887 372 1945 me,et
380 1886 548 1946 indigentibus
558 1889 655 1947 sapien·
679 1886 797 1934 deiecerit
814 1901 887 1948 quarn
908 1890 968 1936 vitia
994 1890 1048 1948 ejus
1072 1901 1205 1950 exponam,
1232 1898 1236 1905 ’

125 1955 161 2001 tia
177 1956 293 2016 praecipio
311 1957 397 2004 dicens
413 1969 420 2003 :
435 1957 540 2004 Panibus
557 1957 655 2005 abscon·
680 1968 733 2015 quae
743 1957 825 2002 tamen
837 1957 862 2002 in
877 1956 1015 2005 Proverbiis
1024 1970 1067 2005 ore
1079 1956 1206 2017 sapientia

125 2024 177 2071 ditis
194 2028 295 2072 molter
311 2027 419 2082 utimini,
430 2028 452 2073 et
466 2039 554 2085 oqunrn
573 2026 655 2085 furtim
680 2022 801 2083 descripta
819 2027 892 2085 atque
904 2038 1020 2084 expressa
1038 2028 1104 2074 suut.
1116 2028 1169 2074 lton
1181 2026 1206 2074 te

126 2093 251 2141 dulciorem
268 2095 344 2141 bibite.
369 2096 534 2141 blonducemur
552 2096 574 2140 el
589 2094 655 2141 bibo·
679 2092 762 2139 rirrcat
781 2093 864 2141 tormae
883 2095 1089 2154 concupiscentia.
1109 2094 1207 2143 Adulte-

126 2174 192 2221 mum·
203 2176 256 2210 cras
268 2165 330 2210 enim
340 2164 476 2210 moriemur.
489 2162 597 2209 Praestet
607 2165 654 2210 eila
679 2159 732 2206 rina
744 2162 794 2219 cst,
814 2162 877 2208 tucis
888 2162 966 2220 illita,
982 2174 1138 2222 nequaquam
1150 2174 1208 2210 vero

125 2234 207 2279 nostru
226 2235 347 2293 tamquam
359 2233 453 2291 iscstiqie
464 2231 545 2288 nubis,
559 2234 582 2278 et
593 2235 655 2279 tum·
679 2239 707 2274 ac
718 2229 813 2276 sincero
821 2229 916 2288 tulqeus
927 2230 1024 2277 decore.
1034 2229 1208 2291 ltequecapla·

126 2313 198 2359 qtcam
215 2301 300 2348 nebula
321 2300 476 2361 dissipabitur.
500 2302 581 2349 Venite
601 2315 654 2361 erqo
679 2297 814 2357 risocults;
829 2298 975 2345 circumfusa
991 2298 1057 2346 ellim
1068 2299 1208 2346 relidsullt·

124 2368 236 2427 mernor
247 2368 311 2418 boicis
322 2372 445 2431 querunt,
456 2372 479 2416 et
487 2372 582 2418 utemur
589 2385 654 2418 crea·
679 2366 734 2412 Esto
745 2367 822 2425 magis
832 2366 918 2413 similis
929 2366 995 2413 illius
1005 2368 1029 2413 et
1036 2378 1142 2425 sequere
1151 2378 1208 2414 eum

126 2441 306 2499 iuratumqnem
314 2439 465 2498 injuventute
473 2441 582 2487 celeriter.
592 2442 653 2488 Vino
679 2434 721 2492 qui
734 2435 789 2481 satit
801 2446 873 2493 super
883 2435 991 2493 montes,
1003 2436 1028 2482 et
1038 2435 1159 2482 transsilit
1167 2446 1209 2482 su-

122 2510 222 2566 pretioso
236 2512 258 2556 ct
273 2512 394 2569 unquentis
412 2522 455 2556 nos
472 2510 621 2568 impleamus,
632 2513 654 2557 el
679 2505 821 2562 percuties,
839 2503 990 2562 prospiciens
1009 2516 1054 2562 per
1072 2503 1208 2562 fenestras,

123 2589 171 2623 non
180 2581 302 2636 proetereut
314 2580 408 2635 nocitos
423 2580 539 2636 temporis.
552 2580 654 2625 Corone-
679 2573 791 2619 eminens
808 2585 882 2631 super
893 2572 964 2619 retia.
981 2572 1041 2618 ltlala
1052 2573 1109 2619 sunt
1121 2572 1210 2632 volup·

124 2647 425 2705 rnusnosrosisantequam
432 2647 584 2691 marcescant.
593 2647 653 2693 [tul.
679 2641 735 2686 tatis
750 2641 856 2688 viriculn.
874 2641 961 2688 Oculos
978 2641 1100 2698 delectat,
1113 2640 1209 2689 demut·

124 2713 368 2772 lurnprotmnsitquod
376 2726 423 2758 non
429 2713 651 2771 pertranseolluxu·
679 2710 809 2769 cetaures,
818 2710 861 2757 sed
870 2711 977 2757 mentem
988 2711 1100 2769 inquinat
1111 2722 1118 2754 :
1130 2709 1209 2757 multa

124 2782 163 2826 rio
180 2783 286 2828 nostra:
306 2779 396 2839 ubique
407 2781 565 2840 relinquamus
585 2785 652 2841 siquo
678 2780 810 2837 mentitur,
826 2779 886 2825 falsu
897 2779 1022 2838 adiungit,
1040 2780 1101 2825 ΝΜ
1115 2778 1210 2826 subilli-

125 2848 218 2895 loetiliae.
231 2848 287 2893 llaec
298 2848 379 2893 omnia
390 2848 578 2907 relinquuntur,
589 2849 652 2897 nihii
677 2846 724 2905 cit,
744 2848 847 2906 spondet
866 2849 1009 2907 pecuniam,
1024 2860 1112 2893 nurum
1124 2848 1210 2905 offert3

124 2928 207 2962 secum
224 2916 280 2975 quis
295 2915 373 2973 teret,
394 2916 442 2962 nisi
461 2916 526 2975 quod
544 2918 652 2977 corporis
678 2915 720 2961 sed
728 2916 809 2962 aufert
817 2917 1021 2975 disciplinaml'u
1029 2917 1113 2962 autem
1122 2915 1209 2976 accipe

124 2982 651 3045 voluptateperceperitbeuiqueeqoistam
677 2984 1014 3045 potiusdisciplinam,quam
1026 2985 1210 3046 pecuniam,el

124 3052 221 3098 institui
236 3053 428 3112 philosophiam
439 3065 485 3100 nec
499 3054 536 3100 est
549 3054 597 3101 alia
609 3067 652 3102 ve·
677 3054 804 3100 scientiam
815 3068 889 3114 super
905 3066 992 3100 aurum
1004 3054 1144 3112 probatum.
1157 3054 1211 3102 lle·

124 3120 189 3179 rior,
200 3121 247 3171 nisi
260 3135 289 3170 ea
307 3135 360 3181 quse
377 3120 467 3168 bonum
481 3122 571 3169 adserit
586 3124 651 3182 quod
677 3120 724 3167 lior
734 3123 771 3168 est
782 3121 847 3168 enim
856 3122 978 3180 lapidibus
986 3120 1108 3180 pretiosis.
1118 3122 1172 3167 Nou
1183 3123 1210 3168 te

123 3190 586 3251 suareatqueiucundumsitAErqovel
597 3193 651 3251 ptri·
676 3190 760 3236 celabo
776 3204 830 3250 qum
849 3203 942 3236 summa
961 3191 1015 3247 ejus
1030 3188 1158 3249 teruntur,
1175 3203 1210 3238 no

123 3258 239 3319 losophiae
253 3261 294 3309 vel
308 3260 436 3320 sapientie
451 3259 587 3308 Salomonis
597 3274 651 3309 cre·
677 3256 761 3303 videar
781 3257 909 3316 deoperire
933 3271 986 3316 quae
1012 3257 1161 3316 displiceant
1181 3257 1213 3307 ιιι

122 3327 184 3376 dite.
676 3327 816 3386 voluptate,
828 3328 853 3373 et
863 3328 1008 3373 obumbrare
1018 3339 1072 3385 quae
1082 3328 1218 3384 praeeant:

342 3396 446 3410 ““·““
676 3396 762 3442 Elevat
772 3396 839 3442 enirn
851 3396 875 3442 et
891 3396 987 3442 extollit
1000 3397 1108 3441 merrtem
1124 3409 1210 3444 suaso-

299 3454 425 3508 CAPUT
443 3456 481 3506 V.
676 3463 719 3509 riis
728 3464 823 3522 uerbis,
835 3464 1028 3510 ostenditoinnia
1039 3475 1115 3521 regna
1126 3464 1210 3523 terrm,

122 3544 648 3591 sollicitatoaroiuprartritiusenioraconsuui:
676 3531 758 3578 dicens
770 3547 776 3577 :
790 3534 845 3580 llaec
862 3533 943 3579 omnia
959 3532 1004 3578 tibi
1023 3531 1101 3587 dubo,
1117 3529 1138 3576 st
1151 3544 1209 3591 pro·

144 3598 252 3645 quomodo
266 3598 372 3634 di³¹²⁰¹i⁶i⁵
384 3600 536 3636 tentationibus
551 3600 649 3635 reserren-
676 3599 759 3646 cidens
777 3602 915 3649 adoraveris
933 3614 981 3647 inc.
996 3600 1032 3645 lbi
1055 3602 1081 3646 tu
1099 3612 1161 3647 cave
1176 3613 1208 3646 ιιιι

144 3651 650 3750 {¹¹33⁸3:,32⁰,fflffiffifss¹¹}iffifflffi
675 3669 777 3727 rapiaris
804 3682 817 3715 a
845 3668 1075 3728 praeterlabentibus
1106 3669 1132 3713 et
1158 3679 1208 3714 non

144 3757 220 3804 invitat
228 3756 385 3793 adconnrlvium
393 3758 534 3805 sapientiae‚et
544 3755 596 3803 quid
605 3756 650 3801 ejus
676 3738 844 3796 “montibusa
855 3740 880 3784 5¹¹
892 3739 980 3797 quibus
997 3749 1083 3797 magna
1102 3736 1208 3784 tenum

144 3808 233 3846 ebrietas
249 3819 260 3844 a
277 3809 392 3846 vinolentia
408 3809 522 3856 discrepet,
534 3811 602 3858 aperit
613 3821 649 3847 :ac
676 3812 722 3856 pst,

145 3861 336 3901 ¹²”d‘mm‘ffiae
345 3861 506 3899 ¹¹²¹¹³⁶⁸⁰¹³¹²¹·
706 3877 744 3923 io.
763 3878 852 3924 Docuit
873 3878 896 3923 to
915 3889 981 3923 certe
1003 3875 1116 3921 dominus
1135 3874 1207 3919 lenm

152 3943 650 4003 lb.}tisauditts‚velutcerrussagitta-
675 3945 880 4004 quemadmodum
913 3944 1030 3990 adsersus
1065 3941 1208 4000 lrojnsmoui

123 4017 162 4064 tus
172 4015 198 4063 in
208 4014 289 4073 iecore
303 4014 379 4062 haeret
390 4013 493 4060 saucins.
507 4014 584 4072 Quem
603 4015 650 4060 mi·
677 4014 826 4061 tentationes
842 4013 949 4061 resistas.
961 4011 1111 4061 l’elrnrternt
1124 4010 1209 4059 diato-
