2676 4800
475 346 841 397 nexuununoromucn
856 355 876 398 1.
987 398 989 401 ,
1196 354 1215 401 u
1251 332 1254 335 ’

160 415 331 490 crespinus,
348 427 473 479 nundum
490 431 573 490 posset
587 430 659 478 cliu-
683 431 745 479 ttonl
762 434 937 494 praecurreret,
952 442 1034 496 nequo
1046 435 1160 498 ⁴operatio
1171 448 1214 486 ro·

159 497 657 559 nmsedanctoremDeumexprimcudum
684 501 784 550 luctati.

156 565 236 620 nent
246 565 361 615 Advertit
371 567 490 626 eninrrir
499 568 589 628 plenus
599 579 659 627 pru·
713 571 738 618 s.
748 571 843 620 iliraris
853 583 928 633 opus,
942 573 1033 633 quartis
1042 575 1211 637 operatorem,

154 630 235 695 loos,
248 635 316 696 cprod
325 635 465 685 visibilium
479 637 553 698 utque
569 635 659 684 iurisi-
682 637 739 698 quis
754 640 906 701 principium
926 642 994 689 tanto
1012 643 1081 702 opert
1097 643 1211 706 dederit,
1295 645 1298 648 ’

152 696 219 748 bitum
232 703 395 762 uisendas,
409 702 519 762 origines
534 703 560 751 ct
574 715 659 751 causas
683 708 738 767 quis
754 710 806 756 tam
817 711 867 760 cito
882 710 909 758 ld
923 710 1029 759 leceriti
1038 712 1149 770 Sublecit
1161 715 1212 760 sta-

149 770 447 819 nonnemsolrdirtm
459 771 598 832 contineat,
608 784 657 819 uon
682 775 744 836 tlm,
759 777 845 826 diceus
863 780 921 840 quia
937 783 1003 829 Dcuo
1020 781 1073 840 [ecit
1091 782 1174 829 coelom
1188 784 1211 830 ct

147 838 166 886 ut
182 839 319 901 philosophi
344 840 486 900 disputant,
512 841 656 888 calidiorem
683 847 779 894 ίιπαπι.
788 848 883 896 Audisti
892 852 1031 909 auctorem,
1041 850 1211 898 dubitarcnou

144 907 261 956 onom
279 909 481 968 complexionem
498 921 658 970 perseverun-
682 913 765 962 dobes.
778 917 905 965 chcstin
916 930 963 978 quo
974 919 1213 967 benedixitlttelcbt·

143 974 172 1024 th
179 977 242 1038 iugis
249 981 370 1038 praestare
380 990 496 1026 caumont
507 979 551 1027 sed
560 979 656 1038 judica-
681 983 770 1032 sedech
777 986 897 1033 Abrabam
905 988 1000 1045 petrem
1009 989 1141 1035 multarum
1150 1000 1211 1047 pen·

141 1044 233 1106 ritprod
240 1047 317 1094 telam
326 1058 423 1094 aranee
432 1050 561 1107 texerent,
569 1049 611 1108 qui
620 1049 655 1095 ric
682 1052 757 1113 tium,
767 1055 853 1102 dicens
864 1069 872 1101 r
887 1059 1023 1106 Benedictus
1033 1058 1123 1105 Abram
1134 1071 1151 1104 o
1160 1059 1211 1105 Deo

139 1113 219 1162 unco
229 1117 257 1164 ct
267 1115 452 1165 insubstantiva
463 1118 584 1177 principia
594 1119 655 1166 coelo
679 1135 784 1182 summo,
800 1127 841 1185 put
856 1125 909 1183 fecit
925 1127 1008 1172 celum
1024 1129 1047 1173 ct
1065 1129 1162 1172 terrum.
1181 1127 1211 1174 Et

138 1185 234 1232 ateiris
249 1184 420 1245 darent,un
433 1188 462 1233 ut
480 1187 580 1233 fortuito
596 1200 655 1233 coo·
681 1190 786 1237 credidit
797 1191 918 1237 Abrohom
930 1193 997 1250 Deo,
1008 1193 1035 1240 ct
1050 1195 1085 1240 ait
1098 1207 1105 1238 a
1119 1195 1211 1241 Doten-

136 1252 296 1314 imperentur,
308 1254 344 1302 ita
355 1254 456 1302 tortello
464 1266 492 1303 ac
502 1256 596 1303 temere
607 1255 655 1302 dis·
680 1257 736 1303 dum
747 1271 846 1305 monum
856 1272 934 1306 mcum
949 1262 981 1306 ud
990 1263 1068 1307 Deum
1079 1274 1210 1318 nmmum,

138 1321 289 1381 eolrurntur,
306 1322 358 1369 nisi
377 1323 404 1369 in
422 1324 461 1369 oui
484 1324 655 1382 gubernatoris
680 1328 722 1382 put
735 1327 790 1386 fecit
807 1328 889 1374 cuium
907 1331 930 1376 ct
945 1332 1044 1376 terrum.
1064 1329 1138 1377 vides
1153 1329 1211 1390 qul·

137 1387 214 1437 dirim
229 1391 321 1439 virtute
340 1392 489 1439 constarent.
501 1393 551 1440 ltec
566 1393 655 1439 imme·
681 1392 728 1441 boc
745 1406 796 1442 non
813 1396 887 1443 homo
903 1397 1013 1456 invenit,
1025 1397 1068 1445 scd
1085 1398 1151 1446 Deus
1165 1410 1210 1447 an·

134 1456 177 1504 rito
191 1458 380 1518 gubernatorem
397 1461 528 1519 nesciunt,
543 1462 587 1521 qui
604 1473 653 1508 uon
679 1463 814 1513 nuntiarit.
824 1466 1006 1513 Dcusestcnim
1014 1465 1209 1525 Melchisedech,

131 1530 244 1575 nonnoni
262 1530 359 1588 Deum,
370 1541 501 1590 perquem
511 1532 594 1577 omnia
612 1543 654 1577 rc·
679 1531 722 1589 qui
733 1535 770 1580 est
786 1545 832 1581 rex
848 1535 916 1594 pacis
927 1536 953 1582 ct
969 1534 1087 1595 iustitiae,
1098 1548 1145 1584 nec
1161 1536 1209 1582 ini-

131 1597 248 1654 guuturet
257 1598 437 1658 gubernantur.
448 1598 586 1658 Sequemur
596 1611 653 1659 crgo
680 1600 741 1646 tium
752 1601 850 1649 dierunt
863 1615 945 1663 nequo
956 1603 1030 1651 linem
1042 1603 1144 1652 lrubcus.
1156 1605 1207 1652 lton

130 1676 194 1725 eum,
204 1666 248 1726 qni
258 1666 285 1712 et
294 1667 421 1714 uictorem
432 1667 515 1725 novit,
527 1670 553 1714 el
563 1669 653 1727 guber·
678 1668 768 1716 mirum
779 1672 869 1730 erponi
879 1673 945 1719 Deus
955 1673 998 1732 qui
1009 1671 1110 1720 estsine
1121 1673 1207 1732 initio,

129 1734 653 1797 notorem,uccrauioubducuururopiuio·
679 1735 779 1786 initium
797 1741 912 1789 omnibus
929 1742 1012 1801 dedit,
1034 1742 1064 1789 ut
1083 1755 1137 1802 quar
1158 1754 1208 1790 non

128 1801 203 1851 ultre
678 1810 828 1867 concesse
846 1810 994 1871 inciperent.
1015 1812 1065 1858 lton
1077 1811 1167 1859 mirum
1186 1813 1207 1859 sl
1254 1857 1258 1865 ,

346 1871 439 1887 ““““““’
678 1881 744 1925 Deus
755 1879 797 1938 qui
813 1880 896 1926 omnia
912 1880 1006 1928 uirtute
1022 1892 1066 1929 sua
1082 1882 1206 1941 continet,

188 1947 192 1952 '
285 1936 414 1991 CAPUT
429 1938 489 1991 111.
678 1950 703 1994 et
728 1948 975 2008 incomprehensibili
1001 1946 1128 2008 maiestate
1152 1950 1208 1998 uni·

129 2039 255 2090 vorapium
264 2052 331 2080 suum
342 2043 406 2081 aneo
415 2042 524 2080 mundum
533 2043 652 2082 mm
678 2029 749 2064 verso
760 2019 949 2077 complectitur,
961 2018 1021 2065 lucit
1035 2020 1087 2065 inec
1103 2032 1157 2078 quau
1167 2022 1207 2067 ri-

148 2097 232 2143 prende
238 2097 465 2146 eumuoerspnerrca
473 2098 544 2146 opum
552 2099 652 2145 ecem
677 2086 782 2144 dentur,
795 2099 850 2133 cum
860 2087 935 2134 etiam
947 2087 989 2134 illa
1000 2087 1087 2136 lecerit
1094 2102 1149 2148 quar
1157 2100 1207 2137 non

146 2159 197 2188 Μ
207 2160 310 2189 ΜΝ·
677 2156 802 2204 videntur.
814 2156 953 2203 incuibilio
966 2158 1207 2218 cutcmiicquori-

154 2224 176 2271 8.
187 2227 215 2272 ln
227 2226 359 2286 principio,
374 2223 464 2284 iuquit.
479 2226 558 2283 Quam
573 2223 651 2272 bonus
676 2223 780 2284 deutur,
796 2225 892 2284 potiora
909 2237 961 2273 usse
977 2226 1033 2284 quis
1050 2227 1136 2286 neget3
1149 2239 1206 2274 curn

129 2293 231 2352 ordo,ut
248 2293 430 2354 illudpriruum
441 2294 650 2353 assereret,quod
676 2304 705 2339 ea
729 2306 785 2353 pure
805 2293 942 2353 videntur,
968 2295 1115 2354 temporalia
1143 2297 1205 2355 sint,

127 2375 210 2422 nugare
227 2362 424 2421 consueverunt,
436 2362 462 2409 et
477 2365 652 2422 cognoscerent
676 2363 768 2409 eterna
780 2364 862 2410 autem
873 2374 928 2420 que
942 2374 990 2409 nun
1002 2363 1136 2410 videntur?
1146 2366 1205 2423 Quis

131 2432 270 2492 principium
281 2442 337 2479 esse
345 2431 445 2490 mundi,
455 2443 486 2478 nc
494 2431 547 2479 sine
558 2431 652 2490 princi·
677 2430 775 2478 dubitet
785 2432 850 2490 quod
859 2432 925 2478 Deus
935 2432 987 2476 huc
996 2430 1098 2491 lecerit,
1110 2433 1151 2490 qui
1162 2447 1206 2492 per

131 2501 167 2557 pio
176 2501 293 2547 muudum
311 2512 365 2547 csse
377 2500 651 2548 homiuesarbitraren-
676 2500 823 2560 prophetam
840 2499 951 2556 locutus,
967 2498 1002 2544 ait
1017 2511 1024 2542 ε
1042 2502 1098 2558 Quis
1115 2514 1207 2551 morum

130 2571 249 2617 leoinde
271 2571 298 2617 et
316 2569 397 2616 David
415 2581 470 2617 curu
489 2568 519 2616 dc
537 2568 614 2627 coelo,
626 2570 651 2616 el
676 2572 709 2617 cot
727 2581 801 2616 muno
818 2580 920 2628 worm,
936 2569 958 2614 cl
976 2567 1059 2614 coelom
1073 2569 1167 2629 polono,
1184 2576 1208 2618 ct

128 2640 197 2697 terra,
214 2639 315 2688 etmuri
334 2640 489 2699 loqueretur,
504 2638 553 2695 ait,
565 2640 650 2686 Omnia
675 2641 809 2687 univercum
830 2640 920 2685 terrum
940 2638 1021 2684 ciuusc
1043 2638 1136 2684 oruou?
1151 2642 1207 2701 Quis

127 2709 277 2769 nonalia
295 2709 377 2765 sccioti.
394 2707 468 2755 Dedit
483 2720 545 2767 ergo,
557 2708 651 2768 priuci-
675 2706 1205 2768 concremabantur,etauctoritatem,

125 2777 187 2834 pium
198 2779 307 2837 mundo,
317 2777 388 2824 dedit
399 2779 474 2825 etiam
483 2779 601 2824 creature
612 2777 651 2824 in·
676 2782 697 2826 ct
707 2791 804 2825 nemora
815 2779 841 2824 in
847 2774 922 2835 jope?
933 2778 989 2836 Quis
999 2780 1103 2836 copnocit
1113 2793 1206 2826 censum

126 2847 277 2907 firmitatem,
296 2859 329 2894 ne
346 2847 485 2903 anarchon,
502 2859 534 2893 ne
553 2847 651 2893 increa-
675 2848 785 2903 Domini,
797 2847 839 2892 unt
856 2847 908 2903 puio
922 2843 971 2902 ep'us
985 2847 1133 2893 conciliarius
1148 2848 1205 2904 tuit,

127 2919 187 2976 tum,
198 2920 225 2965 et
241 2919 337 2965 dirinae
352 2917 490 2964 consortem
509 2917 650 2964 substantie
675 2917 711 2962 uel
730 2916 780 2975 pois
798 2914 911 2960 instrunt
929 2914 1046 2960 eurrrllle
1065 2928 1113 2974 quo
1131 2917 1207 2962 ctiam

126 2988 286 3035 crederemus.
301 2988 332 3032 Et
347 2987 432 3047 pulcre
449 2985 560 3033 addidit:
573 2989 649 3042 Fecit,
676 2985 736 3032 alibi
754 2983 859 3043 legimus
875 2995 883 3027 r
899 2983 961 3040 Quin
982 2984 1053 3030 tenet
1073 2984 1206 3031 circuitum

126 3069 152 3102 ne
163 3069 230 3103 mora
244 3058 273 3103 in
284 3055 398 3102 iaciendo
409 3054 484 3101 luisse
496 3054 650 3102 existimare-
677 3054 763 3112 terrae,
780 3054 805 3100 el
821 3054 913 3099 terrum
933 3054 1002 3099 vclut
1017 3053 1124 3099 nihilum
1136 3054 1205 3101 tecit.

127 3128 175 3185 tur,
193 3128 223 3172 ul
236 3126 278 3174 rei
298 3125 335 3172 sic
352 3124 522 3183 intelligerent
539 3123 651 3172 homines
677 3125 706 3170 ut
720 3121 859 3169 llieremias
870 3122 905 3168 uit
916 3134 922 3166 :
935 3123 977 3168 Dii
991 3123 1032 3180 qni
1045 3135 1091 3166 nou
1103 3123 1207 3181 lecerunt

126 3207 196 3252 quam
218 3194 422 3254 incomparabilis
439 3195 554 3252 operator
573 3196 650 3254 esset,
676 3193 757 3240 coelurn
772 3194 793 3238 et
811 3194 913 3246 terrum,
931 3190 1039 3250 peribunt
1056 3206 1073 3236 u
1089 3193 1168 3247 terra,
1185 3195 1207 3238 ct

129 3265 270 3320 quitantum
288 3275 350 3323 opus
364 3261 435 3308 brevi
448 3262 587 3321 exiguoque
599 3275 651 3309 mo-
675 3261 751 3310 Doni
760 3262 815 3307 coelo
824 3262 875 3308 isto.
885 3261 1000 3306 Dominus
1009 3261 1049 3318 qul
1057 3259 1207 3316 tecittcrrom
1296 3278 1298 3282 ⁴

129 3334 207 3380 uento
223 3347 275 3380 suae
294 3330 446 3392 operationis
463 3331 613 3389 absolveret,
624 3333 652 3378 ut
677 3333 701 3376 in
719 3333 803 3377 uirtute
820 3343 879 3383 suu,
894 3331 916 3374 ct
934 3328 1038 3373 coercuit
1054 3329 1078 3372 iu
1093 3329 1207 3384 sapientia

127 3403 256 3450 voluntatis
282 3401 387 3449 eftectus
412 3411 509 3446 sensim
535 3401 651 3460 temporis
676 3414 719 3448 oua
735 3395 1086 3454 or·bcrn‚ctinsuoprudcntin
1103 3397 1207 3443 ostendit

125 3469 279 3529 preveniret.
287 3471 364 3517 Nemo
373 3470 515 3529 operantem
524 3469 651 3529 vidit,sed
676 3470 774 3523 coelum,
785 3469 807 3513 cl
825 3465 997 3511 nrultitudincm
1016 3477 1083 3524 upooe
1101 3466 1126 3511 in
1141 3465 1204 3514 culo.

127 3542 222 3600 ognovit
247 3541 387 3601 operatum.
406 3538 454 3584 Ubi
469 3537 545 3598 igitur
570 3552 650 3599 muru,
677 3539 705 3585 Et
716 3534 977 3593 addiditzlntutuutuo
987 3536 1019 3583 cst
1028 3534 1207 3582 lrornooscicn-

127 3621 180 3655 cunr
197 3610 265 3668 legas
284 3621 290 3652 :
311 3610 373 3669 Quia
390 3607 438 3668 ipsc
455 3608 529 3664 licit,
547 3610 569 3654 cl
588 3607 652 3666 tuctu
677 3610 774 3657 tiasrrc.
791 3604 838 3665 Qui
850 3605 917 3652 enirn
933 3604 1104 3664 corruptibilia
1120 3606 1205 3652 mundi

126 3682 191 3735 curt,
199 3679 247 3739 ipsc
257 3679 390 3734 mundavit,
402 3679 424 3724 ct
435 3680 512 3724 ocula
520 3676 593 3729 cunti
603 3678 651 3724 Nec
677 3677 801 3737 sequitur,
814 3678 840 3723 et
852 3687 884 3722 cx
900 3674 940 3721 tris
952 3675 1023 3734 putat
1040 3673 1106 3733 quod
1117 3673 1207 3722 divium

128 3748 185 3795 ortis
199 3748 274 3808 igitur
283 3759 369 3805 usum,
381 3757 427 3793 nec
443 3745 542 3793 virtutis
558 3758 652 3805 expen-
676 3746 753 3807 possit
770 3746 865 3792 naturae
887 3742 1096 3803 comprehendero
1115 3743 1207 3790 uerita-

129 3817 174 3875 dit,
192 3817 235 3878 qui
246 3819 370 3864 momento
387 3827 438 3863 suro
453 3815 586 3862 voluntatis
602 3828 653 3861 mo.-
678 3817 744 3875 tem,
755 3811 875 3874 quomodo
886 3824 935 3858 non
953 3809 1089 3858 infatuatur
1101 3811 1206 3859 vorsutuc

128 3885 237 3942 jestotem
248 3884 653 3945 tantaeuperationisimplcrit;ut
678 3879 851 3942 disputationis
862 3876 970 3926 nstutial
1017 3931 1018 3934 Ἴ
1097 3947 1102 3957 ·
1189 3947 1195 3957 ·

131 3966 158 4000 ea
175 3966 228 4014 que
246 3966 296 4003 uon
314 3954 399 4013 erant,
420 3966 473 4002 esse
492 3952 585 4001 laceret
602 3955 652 3999 tom
709 3946 1207 4006 lucumcrgototoraculoaudns,q1n-

131 4022 257 4083 rcloritcr,
277 4025 305 4071 ut
325 4035 408 4083 neque
432 4023 544 4071 voluntas
567 4033 653 4082 operu-
679 4019 725 4067 bus
735 4017 882 4067 testificatur
893 4017 958 4063 Deus
966 4014 1031 4076 quod
1041 4016 1126 4121 leofrit
1136 4028 1208 4063 mun·
