2676 4800
522 482 709 532 triusiae
722 486 814 532 riri.
1175 490 1209 536 ui
1287 448 1292 469 ⁵

128 561 268 633 episcopo,
280 565 412 634 essetque
423 560 544 618 illlcura
562 564 690 620 sedanda
699 565 858 634 seditionis,
869 580 905 623 ue
921 567 1039 638 populus
1049 567 1168 624 civitatis
1179 570 1209 626 iu

127 641 281 708 periculum
294 641 339 696 sui
349 643 526 707 verteretur,
539 643 662 711 perrexit
675 643 709 697 ad
721 644 888 699 Ecclesiam:
902 645 997 716 ibique
1010 661 1072 700 cum
1082 647 1209 718 alioque·

127 722 201 774 retur
209 719 340 788 pithen,
351 720 446 774 subito
456 734 510 774 voa
521 719 611 775 fertur
623 720 735 777 infantis
748 722 776 775 in
789 723 891 792 populo
899 724 1023 779 sonuisse
1035 725 1208 780 itmbrostum

127 798 297 867 wissepum.
306 798 348 852 iid
357 800 437 868 cujus
445 797 522 852 vocis
531 813 629 852 sonum
636 799 720 853 totius
728 802 822 870 populi
832 815 880 856 ora
891 817 1022 858 conversa
1030 805 1108 868 sunt,
1119 803 1209 857 accla-

129 877 223 930 mantis
229 877 407 930 ambrosium
414 878 584 947 episcopum;
597 878 634 931 ita
641 878 689 948 qui
699 882 779 933 antea
786 880 1021 936 turbulentissime
1028 882 1205 940 dissidebant,

129 956 188 1024 quis
196 958 226 1010 et
237 956 343 1010 amiani
355 955 448 1010 sibiet
460 956 588 1010 catholici
601 956 654 1009 sibi
666 957 826 1026 episcopum
839 959 1002 1027 cupiebant,
1016 959 1152 1029 superatis
1163 961 1207 1014 al·

130 1035 252 1098 terutris,
265 1034 407 1100 ordinari,
417 1031 534 1104 repente
546 1033 574 1088 in
584 1034 658 1089 hunc
667 1050 754 1090 uuum
763 1036 883 1092 mirabili
893 1040 921 1094 et
930 1038 1085 1094 incredibili
1094 1051 1208 1094 concor·

131 1111 392 1169 dhconseuserunt.

161 1194 187 1245 i.
198 1195 257 1261 Quo
275 1194 323 1248 ille
336 1193 464 1264 cognito,
482 1208 609 1266 egressus
626 1195 793 1261 Ecclesiam,
809 1196 932 1250 tribunal
947 1197 999 1251 slbi
1015 1196 1108 1266 parari
1125 1194 1206 1261 iecit;

134 1273 229 1341 quippe
237 1287 301 1327 mox
309 1271 422 1328 iuturus
431 1274 590 1344 episcopus,
604 1275 703 1328 altiora
716 1276 877 1345 conscendit
890 1291 896 1328 :
907 1280 975 1330 tunc
984 1279 1205 1330 contraconsue-

134 1350 249 1405 tudinem
258 1366 338 1406 suam
351 1355 487 1407 tormenta
491 1352 570 1422 jussit
580 1354 704 1422 personis
714 1354 851 1408 adhiberi.
863 1355 941 1422 Quod
951 1369 1014 1408 cum
1027 1353 1130 1409 iaceret
1139 1394 1146 1418 ‚
1156 1367 1206 1424 po-

132 1429 207 1498 pulus
216 1430 397 1485 philominus
409 1431 577 1485 acclamabat
589 1446 597 1485 ε
608 1452 624 1480 o
636 1433 784 1486 Peccatum
797 1434 878 1487 tuum
889 1446 973 1503 super
984 1446 1043 1486 nos.
1056 1454 1071 1480 o
1085 1433 1137 1487 Sed
1150 1447 1204 1488 nou

131 1510 249 1564 similiter
261 1511 285 1565 is
298 1511 417 1581 populus
431 1513 499 1565 tunc
516 1511 660 1576 clamavit,
672 1513 744 1565 sicut
755 1513 874 1582 populus
884 1512 1059 1579 iudaeorum3
1077 1512 1115 1567 iiii
1129 1513 1204 1567 enim

130 1591 235 1645 uocibus
246 1590 305 1645 suis
314 1590 478 1660 sauguinem
487 1590 661 1645 Dominicum
671 1589 847 1656 effuderunt,
857 1591 980 1647 dicentes
992 1606 1000 1645 ε
1014 1593 1136 1659 &sepitis
1147 1588 1204 1646 hio-

126 1668 393 1736 s'ttssitperitos:isti
402 1682 468 1724 vero
477 1669 844 1733 catechumenumscieutes‚
853 1668 927 1725 iideii
936 1684 1004 1726 voce
1013 1669 1203 1724 remissionem
1314 1680 1318 1685 ·

131 1745 164 1798 illi
171 1749 351 1815 peccatorum
361 1746 483 1801 omnium
490 1760 540 1816 par
549 1747 721 1816 baptismatis
727 1748 844 1817 gratiam
853 1748 1060 1818 promittebant.
1070 1751 1147 1802 Tunc
1157 1748 1204 1803 illc

131 1823 249 1880 turbatus
266 1827 410 1880 revertens
422 1825 548 1890 domum,
567 1826 766 1896 philosophiam
779 1826 902 1896 profiteri
914 1827 1017 1892 voluit,
1031 1825 1143 1881 iuturus
1154 1825 1203 1881 sed

130 1918 205 1960 ierus
214 1904 394 1974 philosophus
408 1905 506 1960 cursu
516 1945 523 1970 ,
534 1905 582 1975 qui
596 1905 741 1961 contemtis
753 1906 933 1960 sacularibus
943 1904 1066 1975 pompis,
1080 1905 1202 1974 piscato-

130 1998 186 2038 rum
200 1987 371 2055 sequuturus
388 1987 462 2040 esset
477 1984 608 2054 vestigia,
624 1983 673 2054 qui
691 1984 798 2039 Christo
809 1986 924 2054 populos
936 1986 1137 2053 congregarunt
1148 1996 1203 2036 non

130 2062 193 2118 tucis
203 2066 369 2129 verborum,
380 2063 429 2119 scd
439 2064 556 2134 simplici
566 2079 708 2128 sermone,
720 2068 748 2119 et
757 2079 830 2119 verae
842 2062 906 2119 fidei
919 2064 1042 2129 ratione,
1053 2062 1129 2118 missi
1141 2063 1201 2119 sine

130 2158 204 2211 pera,
221 2146 282 2198 sinc
299 2144 393 2213 virga,
406 2142 490 2199 etiam
509 2142 581 2212 ipsos
595 2144 769 2213 philosophos
787 2144 992 2198 converterunt.
1011 2142 1088 2211 Quod
1106 2142 1201 2197 ubine

130 2222 241 2290 iaceret,
251 2226 398 2279 revocatus
406 2224 463 2288 est;
473 2223 597 2294 publicas
608 2224 738 2278 mulieres
747 2223 859 2293 publice
868 2223 903 2277 ad
912 2238 942 2278 se
955 2222 1061 2292 ingredi
1075 2220 1155 2285 iecit,
1166 2221 1201 2274 ad

131 2302 177 2356 boc
186 2305 309 2368 tantum,
322 2305 353 2357 ut
365 2303 431 2356 risis
441 2303 499 2366 his,
513 2301 607 2372 populi
620 2302 737 2357 intenlio
752 2305 938 2357 resecaretur.
958 2304 993 2354 hi
1005 2313 1071 2354 vcro
1082 2300 1200 2370 populus

132 2384 210 2453 mgis
219 2384 364 2453 magisque
373 2382 508 2435 clamabat
518 2396 526 2434 t
537 2402 552 2429 «ι
562 2382 712 2435 Peccatum
722 2383 803 2433 tuum
814 2395 898 2449 super
909 2395 967 2432 nos.
983 2401 997 2426 »

161 2462 186 2515 8.
196 2465 227 2514 ti
238 2463 285 2516 iile
297 2474 363 2515 curu
374 2460 482 2514 rideret
495 2459 564 2513 nihil
574 2459 756 2512 intentionem
768 2471 844 2509 suam
858 2470 936 2525 posse
948 2456 1097 2524 prolicere,
1107 2455 1201 2525 lugam

132 2542 250 2607 pararit:
266 2553 448 2610 egressusque
461 2537 547 2592 noctis
562 2536 653 2591 medio
666 2535 821 2600 civitatem,
835 2539 894 2588 tum
906 2535 1032 2589 Ticinum
1043 2550 1073 2589 sc
1086 2548 1201 2604 pergere

132 2619 245 2687 putaret,
263 2634 345 2674 manc
366 2618 401 2673 ad
416 2619 524 2688 portam
542 2616 661 2671 civitatis
673 2616 896 2679 mediolanensis,
914 2631 976 2687 quae
989 2619 1109 2670 Romana
1127 2614 1200 2668 dici-

133 2702 185 2763 tur,
198 2699 352 2765 invenisne
365 2701 439 2752 Deus
453 2696 528 2753 enim
540 2695 590 2767 qui
603 2695 732 2749 Ecclesiae
745 2710 802 2749 suaa
814 2695 955 2749 catholicae
965 2710 1075 2749 murum
1086 2695 1200 2764 parabat

132 2777 252 2833 adsersus
268 2779 393 2832 inimicos
408 2790 484 2840 sues,
501 2779 529 2830 et
544 2779 651 2829 turrem
670 2774 794 2843 erigebat
810 2774 897 2828 David
917 2777 1011 2828 contra
1030 2773 1128 2828 taciem
1141 2777 1199 2828 iia-

132 2858 220 2921 masci‚
232 2858 350 2920 hocest,
364 2860 458 2910 contra
471 2852 615 2924 perfidiam
629 2853 837 2917 haereticorum,
850 2852 944 2923 fugam
959 2853 1032 2906 illius
1044 2853 1198 2922 impedivit.

132 2934 177 3001 Qui
188 2935 332 2999 inventus,
344 2948 409 2989 cum
421 2932 605 2988 custodiretur
616 2948 632 2987 a
644 2933 759 3002 populo,
779 2933 861 2986 missa
872 2933 970 2988 relatio
979 2935 1021 2985 est
1031 2931 1066 2986 ad
1076 2934 1199 2986 clemen-

132 3013 258 3069 tissimum
269 3015 464 3084 imperatorem
473 3013 539 3067 tunc
549 3014 790 3076 valentinianum,
803 3012 853 3082 qui
863 3026 969 3066 sununo
979 3011 1082 3081 gaudio
1093 3011 1200 3080 accepit

114 3093 196 3161 ,quod
208 3095 292 3163 judex
305 3109 320 3148 a
334 3108 365 3149 se
382 3092 505 3148 directus
521 3093 556 3147 ad
571 3092 754 3148 sacerdotium
770 3094 922 3162 peteretur.
942 3092 1098 3145 iactabatur
1115 3092 1200 3146 ctiam

132 3174 226 3228 Probus
236 3173 397 3244 praelectus
410 3173 485 3246 quod
499 3175 614 3228 verbum
628 3175 688 3243 ejus
705 3175 866 3243 impleretur
878 3172 906 3226 in
920 3169 1077 3236 itmbr0s103
1090 3171 1201 3225 dixerat

131 3252 200 3304 crum
213 3251 411 3321 proficiscenti,
429 3267 493 3307 curn
512 3251 639 3306 mandata
659 3252 693 3305 ab
710 3251 807 3306 eodem
822 3251 970 3314 darentur,
989 3250 1021 3302 ut
1036 3249 1119 3303 moris
1133 3250 1196 3302 est:

132 3351 145 3375 υ
155 3330 239 3396 liade,
255 3346 305 3403 age
319 3346 374 3385 non
387 3330 525 3401 utjudcx,
538 3331 631 3386 sedat
645 3331 798 3400 episcopus·
813 3351 827 3377 o

158 3415 332 3470 ‘theodecte
345 3415 440 3486 itaque
449 3414 597 3479 relatione,
612 3414 713 3469 iterum
726 3413 819 3483 tagam
831 3413 951 3483 paravit,
962 3413 1046 3484 atque
1056 3413 1084 3466 iu
1095 3426 1200 3483 posses-

128 3494 199 3548 sione
209 3494 351 3564 cujusdam
360 3494 465 3548 muntii
475 3493 618 3548 clarissimi
629 3494 681 3546 viri
693 3493 863 3563 aliquamdiu
874 3492 993 3547 delituit.
1006 3491 1058 3546 Sed
1067 3492 1115 3546 uhi
1124 3493 1199 3546 rela-

129 3574 190 3627 tioni
201 3587 360 3643 responsum
369 3575 425 3640 est,
438 3572 582 3627 abeodem
595 3572 705 3626 Leontio
719 3571 860 3640 proditur3
872 3575 1042 3641 pareceptum
1055 3570 1128 3626 enim
1141 3574 1200 3626 crat
1259 3576 1262 3583 '

127 3653 224 3707 sicario
242 3656 273 3707 ut
293 3652 432 3707 insisteret
449 3651 533 3706 rebus
550 3649 724 3720 perficiendis
742 3649 813 3719 :qui
830 3650 953 3719 injuncta
968 3650 1020 3703 sibi
1040 3665 1103 3704 cum
1117 3651 1200 3705 vellet

127 3733 251 3803 inplere,
260 3732 399 3802 proposito
409 3731 516 3795 edicto,
530 3731 774 3793 conventionales,
789 3732 818 3783 ut
831 3730 853 3784 si
866 3731 968 3784 veilent
978 3728 1029 3782 sibi
1041 3730 1198 3794 consulere,

126 3813 259 3884 rebusque
272 3810 345 3877 suh,
358 3809 509 3881 proderent
524 3808 625 3865 virum.
640 3809 765 3866 Proditus
780 3809 874 3897 itaque
883 3811 912 3862 et
921 3807 1058 3863 adductus
1067 3807 1198 3863 llediola·

124 3978 135 3993 ·
143 3966 202 4010 tetes
209 3968 294 4012 superat
303 3964 349 4004 talis
360 3967 465 4003 matus:
478 3967 499 4000 st
514 3973 550 4001 ros
563 3964 602 4010 qui
616 3961 690 4001 divina
705 3962 773 4007 gratis
786 3960 892 4005 decorati,
907 3963 928 3997 et
944 3958 985 3997 hoc
998 3957 1074 3997 ecdem
1088 3957 1199 4006 splendore

124 4035 134 4052 ·
142 4021 211 4059 cincti
220 4022 276 4066 etis,
284 4023 352 4069 mgis
359 4031 457 4068 congrus
467 4018 539 4058 teretis
546 4019 685 4067 sultrngium.
696 4035 704 4048 υ
715 4019 753 4058 isti
762 4017 829 4064 igitur
838 4017 889 4054 binc
902 4019 1003 4054 exeuntes
1014 4016 1071 4063 apud
1084 4027 1104 4053 se
1118 4014 1198 4052 delibe-

125 4084 231 4118 nunni,
240 4081 299 4118 cives
309 4117 316 4128 ,
327 4090 372 4119 »cro
383 4070 444 4116 titius
452 4077 512 4115 urbis
521 4077 647 4116 seditionem
654 4077 713 4115 inies
722 4085 743 4115 sc
755 4074 932 4118 commovebant,
942 4071 965 4111 bi
974 4073 1063 4121 quidun
1077 4072 1156 4117 titum,
1168 4072 1198 4108 ilii

124 4142 191 4176 mm
202 4138 259 4176 hunc
270 4137 365 4186 praeponi
375 4133 533 4175 contendentes.
