2714 4794
400 387 443 434 DE
469 389 558 435 BONO
576 390 709 438 ΙΟΜῊ
726 392 828 439 uiuus
847 395 943 442 UNUS.
1173 393 1218 444 975

133 464 666 531 τιιιιω,ιιιωιιι]ιιιωιιιιι;οιιιιιιιιιιιυε·
689 475 715 522 in
736 477 842 524 animam
862 478 995 527 viventem.
1011 478 1041 526 st
1060 478 1140 527 David
1159 480 1217 528 ult:

133 539 239 601 uisuque
248 540 361 588 nocuum
370 542 514 591 :Benedictio
523 545 632 591 morituri
639 545 665 592 in
690 546 825 593 concutere
836 549 917 595 animo
930 562 982 596 oneo
992 550 1126 609 ios-coutens
1138 552 1219 606 tuom5

134 610 271 656 umet.
279 608 305 656 Si
313 621 388 670 quem
397 609 533 658 viderimus
542 609 664 671 debilem,
688 614 744 672 puio
760 615 874 663 Dominus
893 615 999 676 benefecit
1012 617 1117 664 militib
1133 616 1159 663 ln
1170 628 1220 676 qno

133 686 182 725 tou
195 675 360 739 descramus3
373 678 394 726 si
408 691 482 739 quem
499 679 526 727 iu
547 681 664 728 extremis
688 679 854 742 benefecerit,
872 684 929 731 andi
941 697 949 730 c
961 686 1023 746 cho
1045 685 1163 742 tiberooit,
1179 686 1219 730 in-

134 744 257 806 punitum,
268 758 319 794 noa
331 747 629 807 relinquamuscoccurrst
639 749 665 796 ot
688 750 753 809 quit,
761 753 829 811 pedes
836 766 898 801 meos
909 768 924 801 a
934 753 1092 815 capiundos
1101 753 1219 813 gratulari

134 812 204 861 sauls
216 812 317 873 dicere,
329 815 458 864 Benedictio
468 818 580 864 monituri
592 817 617 864 in
628 831 664 865 me
688 831 745 866 eum
760 821 845 868 mortis
860 821 935 880 hujus
952 822 1074 880 remedio,
1085 822 1143 884 quin
1161 821 1218 869 tinio

134 882 219 930 mist.
236 882 333 931 laudet
347 885 374 931 et
386 885 412 932 tc
429 884 596 945 unusquisque
611 897 664 933 mo-
689 887 766 935 tactus
777 891 815 937 est
825 890 996 951 erroris,quia
1011 891 1098 952 culpa,
1113 902 1163 940 uon
1172 901 1218 937 ua-

133 948 240 1009 rium,
259 951 431 1013 unuquisque
451 951 577 1012 depositus
596 965 663 1014 esve,
688 956 741 1002 tura
753 957 852 1004 deiecit.

134 1018 304 1082 aquisque
318 1020 448 1070 coniectus
461 1022 564 1069 vulnere
579 1023 663 1082 ussi,
716 1024 755 1070 59.
768 1025 879 1085 Denique
900 1025 969 1086 quasi
988 1028 1078 1073 exutus
1096 1026 1123 1073 et
1141 1024 1216 1085 libor,

135 1088 303 1151 musque
319 1090 405 1137 morbo
420 1090 560 1151 absumtos,
574 1092 600 1139 st
612 1091 664 1151 iam
687 1088 766 1138 dicit:
778 1093 877 1140 Placebo
892 1095 993 1141 Dmnioo
1008 1095 1032 1140 io
1048 1095 1140 1154 copioso
1154 1094 1218 1141 oiso-

135 1159 353 1220 nortiproximus.
362 1159 409 1206 illc
416 1159 551 1208 versiculus
560 1162 664 1219 mantes
686 1160 1044 1209 rumillaestcnimsisornm
1054 1160 1218 1220 repletioni·

136 1224 247 1275 Medici
262 1224 339 1274 iecit!
354 1226 455 1286 Quoties
471 1226 533 1274 mihi
544 1227 662 1287 pudorem
686 1238 735 1285 quo
764 1227 831 1275 illam
858 1231 996 1276 animorum
1021 1230 1132 1288 requiem
1155 1227 1218 1275 uicit

138 1294 251 1356 inussit,
260 1295 283 1343 si
292 1295 439 1343 moriturum
450 1296 557 1356 preterit
566 1329 574 1355 ,
584 1296 604 1342 si
614 1308 662 1342 nan
687 1293 775 1341 terram
785 1308 838 1342 esse
847 1295 982 1343 visentium
989 1330 996 1355 ,
1003 1308 1052 1355 quo
1059 1295 1159 1356 peccata
1166 1306 1221 1353 nors

137 1363 663 1426 tuihmpnviterseprummiiastidlsiino-
686 1365 831 1422 penetrant,
850 1363 893 1410 ubi
911 1364 1030 1411 virtutum
1048 1364 1111 1412 vivit
1129 1363 1215 1424 gloria.

138 1432 232 1492 mci
240 1432 370 1492 captivum
379 1443 427 1479 nou
434 1431 527 1479 redemi
534 1464 541 1490 ‚
549 1431 569 1478 si
578 1444 661 1478 senem
686 1430 734 1477 Ista
745 1431 829 1478 autem
840 1432 907 1490 regio
918 1433 991 1492 plena
1001 1433 1039 1481 est
1049 1432 1216 1490 mortuorum,

138 1502 232 1563 pressi
242 1503 282 1550 Sit
292 1514 351 1562 erpo
361 1502 387 1548 ln
398 1501 469 1548 corde
480 1499 505 1547 id
515 1511 625 1560 semper,
633 1500 662 1546 ut
685 1498 742 1557 quia
753 1499 825 1558 plena
841 1497 1003 1558 delictorum,
1014 1499 1151 1559 meritoque
1162 1497 1216 1545 dic-

139 1570 243 1619 stlnulet
253 1569 381 1629 duriores,
396 1570 425 1617 ut
439 1568 568 1616 admoueat
582 1579 662 1628 prom·
686 1567 1003 1617 tumestcllimittemortuos
1012 1569 1215 1629 sepetsemormos

139 1637 215 1689 timu.
223 1639 354 1688 llesouent
362 1643 387 1686 te
394 1636 517 1698 postrema
524 1637 599 1685 verbs
610 1648 662 1683 mo·
685 1648 747 1683 suos.
760 1635 808 1684 sed
818 1636 844 1684 ct
854 1647 926 1697 supra
936 1635 1052 1684 similiter
1061 1635 1115 1684 ait:
1127 1637 1216 1684 Anima

140 1706 258 1768 mern-ec
268 1705 469 1755 benedictionem
486 1703 523 1752 tul
534 1703 662 1764 egrediens
685 1703 734 1762 ciue
748 1705 774 1751 in
785 1704 850 1753 bosio
862 1705 1029 1762 decorabitur,
1039 1708 1061 1753 ct
1073 1717 1150 1753 oemco
1165 1705 1216 1763 ejus

141 1772 661 1839 eapoesmimasecumrehatunpecusn
685 1771 1216 1834 lorenuoucerramnocessanlmstimen-

142 1855 192 1893 mm
201 1845 245 1908 qni
255 1844 290 1894 sd
303 1843 407 1891 mortem
419 1842 532 1902 ducitur,
542 1841 586 1903 qul
597 1841 662 1902 peri·
686 1840 717 1886 us
730 1840 809 1889 Mum
820 1842 941 1891 habitabit
950 1843 976 1889 lu
987 1842 1069 1900 bouis,
1079 1844 1108 1891 ut
1117 1852 1215 1902 compet

142 1913 203 1964 tuus
212 1914 284 1975 ersi,
294 1910 344 1961 nlsl
358 1912 386 1958 tn
396 1911 565 1970 subvenisses,
582 1913 610 1959 ut
624 1910 662 1959 di·
686 1909 712 1957 in
723 1911 760 1958 eis
768 1911 817 1972 sit,
828 1913 854 1960 et
864 1912 998 1960 secundum
1009 1923 1046 1959 ea.
1058 1911 1125 1970 Quod
1133 1910 1216 1972 potest

143 1984 335 2036 cosmidis
350 1982 449 2044 petituri
459 1982 537 2031 ucuiot
548 1983 574 2030 its
586 1993 631 2029 mc.
687 1979 761 2026 etiam
775 1980 807 2028 de
822 1991 853 2028 eo
868 1981 946 2041 accipi
957 1980 1000 2041 qui
1014 1981 1046 2028 slt
1056 1980 1083 2025 in
1096 1992 1217 2040 corporo,

366 2083 443 2102 ....
687 2048 748 2095 utet
758 2047 811 2108 ipos
820 2049 842 2096 sl
852 2048 939 2096 timeat
949 2047 1076 2108 Deum,ln
1086 2047 1158 2095 bouis
1169 2047 1217 2093 lm·

307 2148 433 2206 mur
450 2149 503 2200 ιι
687 2113 1216 2245 ιιι,ιιιιιιιιιιιιι

142 2249 281 2293 mm
295 2248 371 2287 ’⁰¹¹⁵'
382 2246 463 2286 '’⁰³⁸¹''
474 2246 601 2286 mmmm
615 2255 664 2285 ω’·
687 2252 832 2299 curvitatem
847 2253 958 2311 rsdacto,
969 2254 995 2302 et
1006 2252 1127 2314 possideat
1138 2253 1216 2300 liere-
1310 2270 1318 2285 ·

158 2301 665 2357 metmenditstunimncquselmmor-

159 2356 381 2401 min-lutarium
394 2355 519 2393 ostenditur.
531 2353 572 2392 Cui
586 2352 663 2390 secedit

158 2415 182 2455 sd
191 2412 324 2465 mian
335 2409 430 2458 corporis
439 2409 569 2452 sotietatem,
579 2410 598 2444 el
612 2416 664 2454 pro-
689 2400 752 2434 l'llul.

157 2467 289 2565 W
296 2463 379 2504 Μ
386 2463 437 2501 ”⁰¹⁸¹
445 2462 616 2510 ‘willelm
626 2470 665 2498 ⁸¹·
718 2455 756 2505 ιο.
780 2457 848 2505 Unde
870 2458 895 2506 et
919 2469 965 2505 nos
987 2458 1008 2505 sl
1028 2458 1141 2506 volumus
1160 2458 1217 2517 post

689 2529 792 2573 mortem
807 2526 913 2586 corporis
929 2527 1001 2585 hujus
1015 2527 1042 2574 ln
1058 2526 1131 2574 bonis
1144 2538 1216 2584 esse,

161 2604 273 2663 nouis
280 2599 358 2660 incar
363 2596 459 2645 dubitet
464 2596 494 2644 de
503 2595 566 2642 bono
571 2593 664 2653 mortis,
689 2588 818 2644 caveamus
828 2608 860 2643 no
871 2596 1034 2656 agglutinetur
1043 2596 1123 2643 anima
1133 2598 1217 2642 nostru

142 2686 187 2725 ιιι
203 2672 233 2722 ιιι
247 2668 319 2732 quod
332 2665 485 2726 inquietum,
497 2664 524 2711 id
533 2664 598 2723 quod
609 2677 666 2711 eru-
690 2665 747 2712 hnic
766 2665 873 2725 corpori,
883 2678 915 2714 no
932 2665 1165 2723 commisceatur‚ne
1177 2663 1218 2709 in-

141 2741 306 2797 imum,
324 2736 351 2783 id
370 2734 436 2795 quod
453 2733 580 2781 inimicum
597 2733 666 2780 nobis
691 2734 793 2793 baereat,
804 2746 835 2781 ne
845 2734 956 2782 trabatur
966 2747 979 2780 a
991 2745 1107 2793 corporo,
1118 2734 1145 2780 et
1153 2733 1217 2780 ιιιιι-

141 2817 178 2874 et,
186 2813 215 2861 id
223 2807 296 2872 quod
306 2804 454 2861 violentum,
465 2801 491 2849 ld
498 2800 563 2862 quod
573 2802 666 2860 procel·
689 2815 762 2863 quam
771 2802 837 2850 ebria
846 2801 1070 2863 perturbationibus
1080 2802 1133 2860 eius
1143 2801 1218 2847 racil-

141 2880 264 2942 termes
279 2875 313 2924 ud
327 2871 479 2921 montevilla
496 2870 666 2918 illecebrosum
690 2872 758 2918 letet
766 2872 913 2930 tluitet,nec
922 2884 948 2919 se
959 2870 982 2918 el
992 2869 1076 2917 credat
1082 2872 1156 2930 alque
1163 2869 1218 2927 ejus

140 2939 605 3013 nt,eonquicscatetiaceat,etqnasi
616 2939 665 2986 tera
690 2938 943 2999 delectationibus,ut
962 2939 1097 2987 committat
1116 2951 1142 2986 sc
1163 2939 1218 2996 eius

139 3020 263 3071 &udatur
283 3024 361 3063 cavea
380 3010 500 3072 sepulcri,
514 3009 667 3069 relinquatur
690 3009 809 3056 sensibus.
818 3011 878 3056 Nam
896 3009 922 3056 et
936 3009 1021 3056 oculus
1039 3008 1092 3066 eius
1109 3019 1176 3054 error
1192 3010 1218 3056 et

139 3091 215 3139 nbies
225 3087 284 3145 eius
293 3081 427 3141 exanimis,
437 3082 464 3128 et
475 3080 586 3127 emortua
601 3090 667 3125 com·
691 3078 755 3124 trans
770 3079 821 3136 est,
835 3078 892 3137 quia
907 3076 1001 3124 fallitur
1014 3076 1083 3123 visus
1093 3088 1100 3120 c
1112 3075 1137 3121 et
1151 3075 1218 3122 auris

139 3157 332 3218 peposlseerum
344 3150 370 3198 iu
380 3151 468 3198 terram
477 3146 611 3195 resolvatur
623 3160 628 3192 :
641 3146 667 3193 id
691 3146 744 3203 ejus
756 3145 869 3206 deceptio
887 3147 935 3204 est,
946 3145 1003 3205 quis
1014 3146 1040 3192 et
1054 3142 1151 3190 auditus
1162 3144 1221 3190 illu-

143 3228 225 3276 rnten
237 3221 303 3284 quod
316 3219 438 3269 inmittere
449 3216 595 3273 virtutibus,
605 3215 667 3261 ami·
691 3217 775 3264 ditur:
787 3215 813 3262 ot
822 3227 893 3273 sapor
901 3215 953 3272 ejus
964 3212 1076 3272 deceptio
1088 3213 1133 3258 est.
1143 3213 1220 3258 Deni-

142 3307 197 3344 cum
213 3289 365 3351 disciplinis,
376 3287 512 3336 studiosum
523 3284 667 3346 plorimse-
691 3295 738 3343 que
759 3294 809 3329 non
829 3281 907 3330 otiose
928 3281 1021 3327 dictum
1040 3280 1168 3326 estzocuti
1185 3283 1221 3328 tui

141 3378 203 3427 saux
214 3360 292 3420 boui,
300 3360 352 3408 uec
365 3356 490 3406 subditum
501 3356 554 3412 cst,
565 3353 595 3401 ad
606 3352 668 3401 illud
691 3350 910 3406 remordeantur,
920 3351 999 3407 tiooua
1008 3350 1048 3394 tuo
1056 3360 1103 3393 ooo
1111 3347 1221 3405 loquutus·

142 3435 244 3484 ssbllno
266 3429 362 3486 evolem
380 3427 407 3474 et
425 3436 482 3472 cum
501 3423 545 3471 illo
563 3433 625 3482 puro
643 3422 669 3468 ct
690 3433 805 3480 procoso.
821 3417 890 3475 Quod
907 3428 955 3463 non
974 3415 1038 3463 esset
1056 3415 1161 3472 dictum,
1172 3416 1221 3463 nisi

143 3498 412 3567 perpetuolsonoatque
421 3493 551 3542 immortali
561 3489 668 3547 maneat,
692 3487 835 3547 frequenter
859 3485 977 3532 errarent.
994 3483 1083 3530 Vidisti
1107 3483 1221 3530 meretri·

144 3573 184 3634 ipsi
199 3569 343 3627 sdharem
354 3566 380 3614 ct
394 3576 450 3613 cum
465 3563 517 3623 ipso
532 3561 566 3609 sit
580 3560 611 3608 de
621 3571 669 3620 quo
693 3568 761 3616 cem,
775 3554 861 3615 captus
878 3565 905 3601 es
926 3553 996 3600 vultu
1017 3550 1083 3609 eius,
1098 3553 1124 3600 et
1143 3551 1222 3600 torma

147 3633 430 3703 topastiouemducimt
437 3630 537 3691 quidam
543 3629 589 3676 ait:
599 3627 670 3686 cujus
693 3625 807 3673 decoram
818 3622 909 3684 putasti
921 3634 928 3668 c
940 3621 1084 3669 erraverunt
1093 3620 1158 3668 oculi
1169 3620 1222 3682 tui,
1244 3652 1248 3686 ,

148 3712 237 3773 ciuem
243 3703 403 3759 sumlllou
414 3700 481 3749 enim
491 3697 553 3746 mori
564 3696 670 3744 animam
693 3705 808 3754 perversa
823 3691 956 3749 viderunt,
972 3690 1019 3738 alia
1035 3690 1219 3739 nuntiaverunt.

151 3788 197 3826 ιιιιι
205 3787 309 3838 corpore
319 3769 477 3822 manitestum
488 3767 541 3824 est,
552 3765 611 3826 quia
621 3776 670 3811 non
694 3765 753 3810 Nam
768 3762 789 3809 si
797 3773 856 3808 uero
867 3759 999 3819 vidissent,
1009 3758 1126 3807 vidissent
1140 3758 1223 3806 detor·

153 3847 181 3893 ut
189 3845 218 3894 ds
229 3840 407 3905 emporetica
419 3849 472 3886 esso
483 3838 565 3884 antem
576 3845 630 3882 som
641 3832 671 3880 de
696 3845 760 3879 mem
772 3829 911 3878 meretricis
918 3828 1045 3888 allectum,
1055 3827 1222 3874 inhorrentem

155 3923 240 3975 mpure
250 3913 379 3974 Scriptura
391 3905 474 3955 multis
487 3904 566 3953 modis
577 3903 671 3952 edocet.
697 3901 847 3961 procaciam,
857 3896 1012 3945 indecentem
1029 3896 1222 3955 impudicitiam,

156 3977 204 4028 hm
216 3982 325 4030 elidum
336 3975 527 4027 nnominoueo
540 3973 622 4021 nostro
635 3984 674 4019 ac-
697 3970 834 4019 marcentes
854 3967 983 4025 libidines,
996 3966 1084 4033 tetram
1104 3964 1223 4011 colluvio·

161 4050 212 4110 opit
223 4052 335 4113 spiritum
345 4047 418 4107 vlia,
428 4047 455 4107 et
466 4043 543 4092 tactus
554 4043 591 4092 est
602 4041 674 4089 nomo
699 4052 770 4099 llum,
778 4037 865 4087 animm
875 4026 1148 4138 vulnerucensclenntiae
1158 4031 1223 4098 sicus

688 2318 791 2368 dltalem
805 2321 887 2380 glorios
899 2323 925 2370 et
937 2321 1075 2371 coelestium
1087 2322 1215 2383 promisso·
