2676 4800
144 411 163 455 il
525 413 649 459 SANCTl
668 412 830 458 AMBROSH

143 490 181 543 sit
191 490 302 559 penitus
315 490 383 545 nitril
394 489 503 557 dicere,
520 505 605 561 quam
623 489 728 560 aliquid
739 488 799 545 iaisi
812 489 951 560 prolerre,
964 502 1027 544 cum
1038 489 1158 544 sciamus
1169 502 1219 543 nos

143 570 267 624 omnium
283 584 442 626 sermonum
454 571 610 626 nostrorum
620 569 776 624 reddituros
794 584 854 624 esse
864 567 1016 622 rationem.
1029 571 1083 621 ltec
1094 568 1220 623 dubitem

142 647 557 715 eteinonebomnibusomnia,
568 646 1019 710 tamenadiversisdivorsasciri,
1032 647 1220 715 eteacognita

117 726 281 804 .2,nonnullis
289 741 351 782 esse
358 742 440 798 ,quae
452 728 536 783 etiarn
543 727 636 780 minus
647 727 706 795 ipse
715 730 763 781 aut
772 725 868 779 audire
878 726 927 778 aut
938 724 1032 777 ridere
1041 725 1131 813 potui
1143 725 1219 780 Unde

142 818 159 858 a
170 804 215 860 dre
224 805 374 861 nativitatis
386 807 446 875 eJus
457 805 586 861 narrandi
598 805 709 859 initium
720 818 842 869 sumam,
854 807 886 858 ιιι
896 803 984 872 gratia
995 803 1047 856 rirr
1041 803 1111 857 ab
1103 818 1220 859 incuna-

142 882 216 937 bulis
227 899 289 955 qnae
301 884 385 939 inerit
393 888 585 976 ,agnoscatnn

175 964 202 1016 5
217 962 303 1032 igitur
321 966 435 1034 posito
428 980 455 1018 rn
473 963 708 1020 administratione
720 962 893 1034 praeleeturae
906 962 1055 1017 Galliarum
1065 963 1142 1033 patre
1158 962 1220 1031 ejus

143 1041 301 1107 ambrosio,
320 1046 400 1097 natus
418 1045 460 1098 est
477 1044 647 1098 Ambrosius.
658 1043 711 1112 Qui
730 1042 819 1098 inians
836 1043 864 1097 in
882 1057 946 1097 area
957 1041 1079 1111 praetorii
1097 1042 1125 1094 in
1146 1056 1218 1096 euna

142 1120 262 1188 positus,
273 1134 337 1175 cum
348 1121 479 1176 dormiret
491 1125 588 1191 aperto
597 1135 660 1185 ore,
673 1121 764 1174 subito
778 1133 893 1175 examen
903 1134 986 1188 apum
998 1120 1162 1184 adveniens,
1173 1119 1218 1174 ia-

142 1197 213 1253 ciem
231 1199 291 1268 ejus
302 1202 386 1269 atque
398 1214 445 1252 ora
459 1200 606 1269 complevit
614 1215 622 1264 ;
635 1200 674 1252 ita
684 1203 714 1253 ut
728 1198 901 1267 ingrediendi
916 1198 945 1250 in
959 1212 989 1251 os
1001 1198 1219 1267 egrediendique

141 1277 216 1330 vices
227 1275 448 1347 frequentarent.
461 1280 529 1346 Quae
538 1281 632 1345 patcr,
643 1277 691 1346 qni
704 1279 817 1345 proptor
826 1290 889 1329 cum
902 1279 990 1330 matre
1000 1278 1043 1329 vel
1055 1275 1109 1329 srlia
1119 1276 1218 1330 deam-

141 1355 269 1420 bulabat,
282 1372 317 1410 nc
330 1357 508 1425 abigerentur
521 1358 554 1409 ab
566 1355 681 1418 ancilla,
694 1370 756 1424 qum
768 1369 863 1408 curam
877 1355 1017 1409 nutriendi
1029 1354 1140 1408 infantis
1153 1370 1218 1408 sns-

142 1438 269 1503 cepcrat,
285 1436 432 1504 prohibens
444 1434 454 1507 (
466 1434 581 1489 sollicita
595 1435 669 1488 eninr
681 1437 741 1487 erat
753 1449 787 1487 no
799 1432 897 1487 intanti
910 1432 1059 1506 nocerent)
1071 1438 1217 1503 exspecta-

141 1513 190 1567 bat
205 1513 294 1582 patrio
308 1513 426 1579 aflectu,
443 1529 499 1584 quo
516 1512 570 1567 sme
584 1513 651 1566 illud
663 1513 827 1567 miraculum
841 1513 1028 1567 clauderetur·
1046 1516 1081 1569 Λι
1093 1515 1145 1567 illre
1158 1517 1219 1582 post

142 1591 312 1662 aliquamdiu
329 1594 483 1657 evolantes,
501 1594 529 1646 in
543 1596 646 1646 tantam
658 1592 730 1646 aeris
742 1592 917 1646 altitudinem
933 1594 1082 1647 sulrleratae
1094 1596 1173 1658 sunt,
1187 1597 1219 1648 nt

142 1670 482 1727 hnmanisoculisminime
491 1672 659 1726 viderentur.
671 1673 730 1739 Quo
741 1669 814 1724 iacto
827 1671 940 1726 territus
951 1674 1029 1740 pater
1038 1672 1077 1726 ait
1088 1686 1094 1724 :
1105 1672 1128 1725 si
1138 1673 1218 1726 virte-

141 1750 179 1803 rit
188 1749 339 1806 iniantulus
348 1751 415 1817 iste,
425 1749 530 1820 aliquid
541 1750 633 1819 magni
645 1749 708 1804 erit·
719 1750 890 1818 Operabatnr
900 1750 973 1803 enim
984 1751 1040 1818 jam
1050 1754 1116 1804 tnnc
1125 1752 1219 1804 Domi-

142 1841 195 1881 nus
204 1829 230 1881 in
243 1830 345 1884 servuli
357 1830 400 1884 sui
411 1828 542 1892 inlantia,
553 1832 583 1883 ut
597 1830 758 1898 impleretur
768 1829 840 1897 quod
852 1829 957 1881 dictum
969 1830 1011 1882 est
1024 1843 1031 1881 :
1044 1831 1112 1882 Fosi
1124 1829 1218 1884 mellis

141 1921 288 1966 serntooes
297 1909 379 1974 borti;
390 1911 457 1964 illud
467 1910 542 1965 enim
552 1924 667 1965 eramen
679 1923 762 1978 apum
772 1909 939 1976 scriptorum
951 1908 1037 1976 ipsius
1047 1910 1124 1963 nodis
1133 1924 1220 1979 genc-

142 1988 220 2041 rabat
235 1987 325 2054 iares,
343 1990 393 2059 qni
410 1989 532 2044 eoelestia
550 1989 621 2043 dona
639 1987 851 2052 annuntiarent,
865 1989 894 2042 et
905 1990 1013 2042 mentes
1030 1989 1171 2043 hominum
1183 1989 1217 2043 de

127 2104 130 2112 .
142 2068 260 2121 terrenis
271 2068 305 2123 ad
316 2071 418 2123 coelnm
430 2069 579 2138 erigerent.

174 2147 201 2199 lt.
220 2149 315 2202 Postea
325 2161 391 2202 vero
409 2160 473 2201 cum
490 2146 666 2211 adolevisset,
686 2147 715 2200 et
729 2149 800 2201 esset
818 2145 846 2201 in
864 2146 934 2201 urbe
950 2149 1036 2201 Roma
1053 2146 1218 2201 constitutus

141 2228 303 2281 commatre
314 2227 397 2281 vidua
408 2230 553 2291 etsorore,
568 2225 826 2295 quaevirginitalenr
841 2225 898 2294 jam
914 2224 1006 2280 inerat
1023 2226 1160 2293 professa,
1173 2241 1219 2279 co·

141 2301 209 2355 mite
220 2303 273 2356 alia
284 2303 407 2372 virgine,
418 2305 497 2374 eujus
506 2304 620 2374 virginis
629 2318 705 2358 soror
718 2303 853 2368 candida,
865 2307 893 2358 et
903 2305 961 2372 ipsa
970 2303 1095 2373 ejusdem
1106 2303 1216 2370 proles-

141 2379 241 2445 sionis‚
253 2396 316 2451 quse
328 2397 402 2437 nunc
414 2384 576 2453 Carthagine
588 2383 664 2452 degit
671 2384 727 2452 Jam
739 2397 824 2446 anus;
837 2396 901 2435 cum
914 2383 1021 2437 videret
1030 2381 1218 2436 sacerdotibus

142 2472 159 2512 a
177 2458 341 2526 domestica,
356 2475 465 2526 sorore,
482 2464 526 2517 vel
541 2465 630 2516 matre
645 2475 743 2514 manus
761 2461 894 2522 osculari,
908 2461 966 2528 ipse
978 2460 1074 2514 ludens
1085 2459 1218 2516 oilerelmt

142 2535 299 2603 dexteram,
311 2539 405 2593 dicens
417 2541 445 2593 et
457 2541 509 2592 sibi
519 2540 547 2591 id
557 2540 591 2592 ab
600 2554 633 2593 ca
644 2538 703 2592 lieri
713 2541 856 2606 oportere,
869 2538 1006 2606 siquidem
1019 2540 1177 2611 episcopum
1188 2556 1218 2595 se

142 2612 268 2669 loturum
280 2631 340 2670 esse
352 2618 534 2681 memorasse
547 2617 712 2686 loquebatur
722 2616 795 2670 enirn
806 2617 833 2670 in
844 2617 890 2669 illo
901 2617 1020 2684 Spiritus
1032 2612 1155 2683 Domini,
1168 2620 1217 2688 qni

143 2692 221 2747 illum
230 2693 264 2748 ad
273 2694 602 2750 sacerdotiumnutriebat
610 2710 617 2748 :
625 2696 672 2749 illa
683 2708 748 2750 tero
760 2697 792 2750 ut
801 2695 1003 2751 adolescentem
1012 2698 1040 2751 et
1050 2697 1218 2752 nescientem

143 2771 211 2842 quid
227 2772 347 2838 diceret,
361 2774 519 2842 respuebat.

175 2852 416 2922 osedpostquam
427 2852 539 2908 edoctus
547 2853 709 2909 liberalibus
719 2854 888 2924 disciplinis,
899 2870 936 2910 er
946 2855 1016 2910 urbe
1025 2869 1151 2924 egressus
1160 2859 1217 2920 est,

142 2929 334 3002 professusque
353 2932 381 2986 in
398 2931 534 2986 auditorio
551 2932 726 3002 praelectores
747 2934 887 3004 pretorii,
907 2934 945 2988 ita
963 2934 1103 3003 splendide
1122 2950 1219 2989 causas

143 3011 294 3079 peroravit,
307 3010 814 3081 uteligereturariroillustriProho,
822 3013 1172 3104 tuncpraeieoloprtetorii,
1184 3014 1218 3069 ad

143 3089 285 3144 eonsilium
297 3089 484 3146 tribuendum.
498 3093 560 3144 Post
572 3092 631 3146 ltaee
642 3093 844 3147 consularitatis
856 3093 996 3160 suscepit
988 3094 1122 3161 insignia,
1133 3096 1163 3147 ut
1175 3109 1221 3148 re-

142 3172 220 3238 geret
231 3159 385 3239 Liguriam,
395 3170 587 3240 AEmiliamque
597 3172 766 3238 protincias,
779 3172 912 3241 venitque
921 3173 1114 3228 ltediolannm.

176 3253 202 3305 o.
221 3253 273 3304 Per
290 3249 364 3304 idem
381 3252 505 3318 tempus,
518 3253 626 3305 mortuo
643 3252 805 3317 Auxentio,
823 3252 940 3306 arrianae
957 3251 1080 3320 perfidie
1093 3253 1220 3322 episcopo

144 3327 227 3400 (qui,
240 3328 369 3399 Dionysio
380 3329 469 3383 beatae
480 3330 620 3384 memorias
632 3330 786 3385 consessore
796 3330 830 3384 atl
839 3330 967 3384 exsilium
977 3331 1128 3395 destinato,
1142 3333 1222 3386 inen-

143 3409 225 3464 trabat
241 3405 451 3481 Ecclesiam),
421 3409 441 3430 '⁹
471 3423 535 3464 cum
547 3411 664 3479 populns
681 3411 716 3465 ad
730 3410 893 3465 seditionem
909 3413 1036 3478 surgeret
1055 3409 1082 3462 in
1100 3410 1221 3478 petendo

165 3530 229 3568 ‘Post
239 3530 314 3579 viginti
325 3541 433 3569 annornm
444 3532 603 3580 occupationem
613 3531 772 3569 illedioianensis
781 3531 881 3569 ccclesiae.

165 3587 312 3636 'Imperator
320 3587 479 3627 Valentinianus
487 3599 539 3628 cum
548 3591 651 3637 episcopos
659 3589 685 3625 sd
693 3599 713 3624 se
722 3591 810 3625 vocasset
815 3587 888 3636 ,sputi
894 3597 928 3626 ees
937 3597 987 3626 usas
996 3591 1024 3626 est
1034 3576 1066 3625 his
1074 3585 1221 3625 sermonibnsr

144 3661 154 3677 ι
164 3645 242 3693 Aperte
251 3647 313 3683 nostis
319 3645 517 3694 ,quemadmodum
529 3648 625 3685 hornincs
634 3646 692 3683 decet
703 3645 820 3682 innutritos
831 3645 908 3684 (lirinis
919 3647 1000 3690 verbis,
1012 3646 1097 3693 qualern
1110 3654 1150 3681 esse
1162 3644 1222 3682 hune

145 3718 154 3734 s
162 3703 289 3749 conveniat,
298 3704 336 3752 qui
348 3703 375 3740 ed
388 3703 492 3742 honorem
504 3706 631 3753 episcopatus
640 3707 833 3752 promerendum
845 3714 888 3752 qua
901 3705 984 3740 rationo
992 3703 1086 3740 subditos
1098 3711 1141 3737 non
1156 3701 1222 3737 verbo

145 3776 156 3792 ι·
165 3765 260 3805 ιιιιιιιιιι,
271 3772 349 3800 eernrn
358 3766 379 3800 et
391 3763 433 3800 vita
448 3773 522 3810 regere
534 3764 644 3808 debeatet
655 3762 762 3809 exemplar
772 3763 841 3800 omnis
855 3763 943 3800 virtutis
953 3763 1043 3810 seipsum
1057 3769 1189 3808 preponere,
1199 3768 1223 3796 ac

145 3834 155 3850 ι·
166 3817 254 3857 demum
265 3819 369 3858 doctrinae
378 3830 422 3857 suae
432 3824 504 3858 testera
515 3821 594 3858 habere
603 3822 652 3857 vitae
663 3820 826 3858 institutionem.
837 3819 911 3858 Talem
921 3819 988 3866 igitur
1000 3822 1021 3855 et
1032 3828 1092 3855 nnnc
1106 3817 1128 3853 in
1141 3817 1222 3864 cpisco-

144 3891 155 3908 ·
164 3877 206 3925 pali
215 3877 293 3915 throno
302 3877 414 3919 collocate.
427 3882 451 3915 ιιι
461 3887 518 3916 nose
530 3878 610 3925 quibus
619 3877 736 3925 imperinm
745 3877 889 3923 gubernatur,
898 3876 979 3913 sincere
987 3875 1117 3912 inclinemus
1127 3873 1147 3911 el
1156 3875 1223 3921 capita

144 3948 155 3966 ι
165 3937 245 3981 nestra,
254 3937 275 3972 et
289 3933 352 3972 iactes
361 3935 387 3971 ab
396 3944 421 3972 eo
434 3935 605 3982 reprehensiones
616 3938 727 3982 tamquam
743 3933 848 3971 medicem
863 3934 998 3970 curationem
1015 3932 1156 3979 excipiemuta
1170 3940 1223 3968 eum

144 4003 155 4022 ι
164 3990 223 4027 enirn
230 3991 296 4029 simus
304 3991 410 4036 homines,
417 3991 482 4028 etiam
490 3990 627 4028 oiicndarnus
635 3991 724 4028 omnino
734 3999 815 4027 necesse
824 3994 859 4026 cst.
871 4003 881 4021 ι

166 4045 297 4094 senatuum
307 4049 457 4095 imperatorem
465 4046 642 4084 Valentinianum
651 4046 679 4083 ita
690 4048 807 4094 loquuturn
817 4045 902 4092 rogabat
912 4049 1041 4093 consentes,
1050 4048 1075 4082 ut
1086 4044 1128 4093 ipse
1139 4043 1222 4082 entire-

145 4101 206 4150 qtum
215 4103 293 4149 terret,
303 4105 381 4155 quippe
390 4105 429 4154 qul
439 4104 537 4152 sapientia
550 4109 571 4144 et
584 4104 661 4154 pietate
673 4108 762 4146 ornatus
772 4107 828 4146 essct.
838 4104 878 4143 ille
888 4113 939 4143 sero
948 4114 954 4143 ι
966 4121 976 4137 a
989 4101 1051 4143 Vires
1062 4112 1132 4152 mess,
1144 4103 1223 4151 inquit,
