2676 4800
128 320 175 371 {80
521 325 640 371 sineri
658 324 818 370 luctuosi!

131 404 326 465 luitdeelarare,
338 405 363 453 et
371 405 454 454 tamen
465 406 623 454 securitatem
634 406 660 453 et
687 405 754 453 tibus
765 405 899 454 secundum
911 404 1093 455 institutionem
1103 405 1222 467 Domini,

130 473 307 534 negligentiam
325 474 454 534 qnamdam
471 475 596 522 mentibus
613 475 660 521 bn·
686 475 712 521 ct
727 475 817 523 statum
830 488 902 523 sunm
913 474 1067 535 temporibus
1074 475 1217 536 incorrupto

131 540 213 589 ruanis
227 541 323 589 adferre
339 554 388 590 non
409 542 508 601 debuit,
526 544 552 589 in
571 556 660 602 pancos
686 541 768 589 tritura
782 545 912 603 animalia,
928 545 969 592 vel
984 556 1113 592 nemorosa
1124 545 1217 592 omnia.

133 609 257 669 vindieat,
274 612 357 671 plnres
371 612 487 659 reservat.
500 611 593 659 Deinde
605 624 660 658 cum
685 611 744 657 llam
757 624 813 658 cum
826 613 1015 672 corrumpuntur
1024 614 1153 674 tempora,
1163 625 1214 661 cor-

132 675 194 724 ‹licit
205 691 213 724 ε
225 681 279 726 lton
291 681 416 739 adjiciam,
433 679 540 727 ostendit
550 680 615 739 qued
626 680 659 725 al·
684 681 832 739 rumpuntur
848 681 923 728 etiam
940 681 983 729 illa
996 694 1052 742 qun
1062 682 1213 741 temporibus

132 745 199 795 levet
216 748 294 809 magis
312 761 432 796 aerumnas
446 749 571 796 hominurn
586 761 660 809 quam
685 747 737 794 suis
748 761 854 808 qumque
865 750 1010 809 gignuntur.
1021 750 1047 797 Si
1060 751 1147 798 antem
1159 762 1212 798 con·

131 816 260 876 ingravet,
276 818 357 865 sciens
367 818 430 877 qnod
446 818 546 878 penitus
561 821 659 878 peecata
685 815 749 863 lusio
764 818 796 865 sit
807 821 961 878 temporum,
976 820 1100 879 quomodo
1115 822 1212 879 possum

132 884 260 933 bominum
267 886 358 933 auferri
364 898 412 933 non
420 887 520 945 queant.
528 887 659 946 Tamquam
685 885 826 933 contusione
835 887 898 934 lacta
908 888 982 935 otiam
994 900 1086 948 eaquae
1094 890 1152 936 sunt
1163 887 1211 947 ciq-

131 954 158 1001 in
169 954 302 1015 proverbio
318 955 362 1001 :Si
373 955 429 1015 quis
440 955 487 1001 reti
498 954 582 1001 subtili
600 956 660 1004 bau·
684 955 766 1001 nentia
784 956 946 1015 permaneret
961 958 1022 1016 Ergo
1033 959 1145 1017 tempora
1160 957 1211 1006 sunt

130 1022 180 1069 rire
192 1023 386 1082 cupiataquam,
397 1023 432 1069 sic
443 1022 486 1082 qui
497 1024 616 1070 malitiam
627 1037 658 1072 ex
684 1038 738 1083 qnae
760 1029 803 1073 aut
825 1030 983 1086 corrumpunt
1005 1027 1049 1074 aut
1070 1029 1209 1087 reservant,

129 1091 628 1152 pectoribushominumconaturanierre.
683 1094 756 1151 prout
775 1097 827 1154 ipsa
847 1095 886 1141 sui
904 1095 1040 1142 habuerint
1057 1097 1209 1154 qualitatem.

158 1159 199 1207 si.
211 1160 266 1207 Iton
282 1160 406 1220 adjiciam,
418 1161 512 1221 inquit,
525 1161 659 1208 maledicere
684 1163 788 1223 ideoque
807 1177 886 1211 annus
903 1177 935 1212 ex
951 1165 1082 1212 contrariis
1099 1165 1209 1224 ducitur,

128 1230 198 1276 terro
216 1231 312 1290 propter
331 1234 427 1290 peccota
446 1231 580 1286 iominnm;
603 1233 657 1290 quin
683 1245 757 1284 rere,
772 1234 903 1289 autumno,
918 1235 1015 1293 astate,
1032 1235 1210 1294 byeme,sicut

126 1304 248 1362 pemnnnct
261 1314 341 1349 acarna
351 1302 452 1348 bominis
460 1302 579 1359 ditiqentcr
591 1314 658 1361 super
683 1300 810 1348 harmonia
819 1303 949 1349 cautilenae
957 1303 1087 1361 permixtis
1097 1303 1210 1362 gravibus

126 1369 213 1416 mutan
221 1369 345 1426 famine.
355 1370 542 1429 l'ideqnomudo
551 1370 657 1417 studiose
683 1371 708 1413 et
717 1370 795 1416 acutis
806 1370 907 1417 videtur
916 1371 1058 1417 consistere.
1068 1371 1108 1418 Sic
1117 1384 1176 1431 erqo
1185 1369 1211 1420 et

128 1437 397 1498 nosoeiinquereueus
408 1437 657 1496 significet,dieendo
683 1439 789 1485 mundus
802 1439 848 1486 iste
866 1451 898 1486 ex
913 1439 1040 1486 contrariis
1055 1440 1209 1499 continetur,

127 1518 273 1566 permanere
283 1520 358 1567 super
368 1507 432 1552 mala
442 1519 541 1553 sensnm
553 1508 657 1555 bominis
683 1517 742 1570 aere
751 1506 863 1560 etterra,
875 1507 926 1566 igni
938 1508 963 1555 et
971 1520 1042 1568 aqna.
1054 1508 1140 1556 Nostra
1151 1521 1210 1569 quo-

128 1573 275 1635 diliqenier:
284 1575 550 1635 quodictosignitrcare
559 1575 657 1622 videtur
682 1587 729 1631 que
741 1588 841 1635 corpora
853 1576 942 1636 trigore
957 1578 983 1624 et
997 1577 1090 1637 calore,
1107 1578 1210 1626 humore

129 1642 262 1704 diligenter
273 1657 314 1691 cor
325 1644 432 1691 bominis
448 1644 479 1691 ad
490 1646 589 1704 peccata
600 1658 657 1704 pro—
682 1647 705 1688 ei
718 1644 842 1702 siccitate,
853 1646 983 1704 quemdam
994 1649 1088 1694 naturae
1097 1647 1208 1695 ordinem

128 1713 252 1773 pendere,
273 1713 299 1759 et
318 1711 398 1759 inesse
422 1713 553 1772 principali
575 1717 656 1760 nostro
681 1715 858 1760 servantliam
870 1715 890 1759 si
907 1714 1026 1762 naturalis
1037 1715 1096 1763 ordo
1105 1728 1134 1764 ac
1142 1727 1210 1763 men·

127 1781 251 1829 lubricum
271 1781 448 1841 delinquendi,
466 1784 492 1828 et
505 1782 568 1841 quod
586 1783 657 1841 pejus
681 1791 736 1825 sura
750 1781 922 1840 contunditur,
939 1784 997 1830 tunc
1008 1796 1108 1831 necesse
1119 1786 1157 1832 est
1170 1796 1210 1831 se-

127 1851 179 1910 est,
188 1851 296 1898 studium
306 1864 354 1898 non
363 1850 457 1898 deesse.
469 1852 525 1898 ideo
533 1853 599 1898 ellim
607 1853 656 1912 ait,
680 1850 769 1906 cruatur
783 1850 907 1898 interitus.
919 1853 979 1913 Ergo
991 1853 1084 1899 certum
1096 1853 1207 1900 ordinem

127 1921 261 1980 cliiipenter,
272 1921 342 1980 quasi
354 1920 453 1967 solliciti
464 1921 553 1978 simus,
563 1933 595 1967 ne
609 1921 656 1968 im-
680 1920 816 1979 tcmpornm
823 1921 955 1980 Dominus,
964 1922 1057 1967 remota
1065 1921 1208 1970 contusione

127 1992 236 2038 munitas
254 1991 333 2051 culpan
349 1990 420 2037 nobis
434 1990 510 2049 possit
527 1990 654 2050 obrepere.
680 1987 785 2048 diluvii,
796 1989 826 2034 ad
837 1989 1209 2052 pemerernruammuniipro·

127 2057 222 2106 Deinde
232 2071 281 2106 non
292 2059 318 2105 in
331 2071 407 2105 onom
418 2058 509 2105 malum
521 2058 602 2115 dixit,
613 2060 656 2105 sed
680 2055 757 2103 mittit
767 2056 887 2103 futurum.

126 2130 276 2187 superciolo.
286 2129 330 2186 ut,
340 2129 493 2186 ejurenlnte,
504 2126 611 2186 addidii;
623 2141 654 2174 en
709 2124 749 2170 85.
761 2126 840 2171 Altior
855 2131 938 2172 autern
957 2138 1042 2175 sensus
1056 2126 1104 2174 boc
1120 2126 1208 2185 babet,

126 2197 171 2243 illa
187 2198 254 2244 enim
271 2199 342 2245 aelate
361 2198 449 2244 crescit
467 2196 576 2254 malitia,
597 2197 655 2244 licet
680 2195 707 2239 ut
717 2206 762 2252 per
771 2206 856 2240 semen
869 2194 1035 2254 intelligamus
1042 2195 1208 2255 principium,

126 2266 187 2312 alibi
199 2267 331 2326 legerimus
342 2264 407 2324 quod
422 2276 472 2312 non
486 2264 518 2310 sit
533 2264 586 2311 sine
597 2278 655 2325 pec·
679 2274 832 2319 tiermesscm
842 2262 1008 2322 intelligamus
1017 2264 1134 2310 tinem-ln
1143 2267 1208 2312 utro·

127 2339 181 2384 cato
193 2350 238 2383 nee
249 2336 323 2384 unius
339 2335 389 2383 dici
406 2334 494 2382 inians.
512 2334 560 2381 Sed
575 2338 601 2382 et
616 2336 655 2382 in·
678 2345 725 2391 que
737 2332 822 2379 salutis
839 2334 877 2379 est
891 2346 972 2379 causa.
987 2334 1098 2380 Alterum
1109 2333 1163 2380 sine
1173 2333 1209 2379 al-

126 2405 204 2452 iantia
212 2407 265 2454 sine
275 2407 376 2465 peccato
388 2417 435 2451 non
449 2404 480 2451 sit
491 2405 591 2464 propter
601 2417 655 2451 cor·
679 2405 730 2448 lero
742 2401 914 2461 imperfectum
929 2405 979 2462 est3
990 2404 1049 2462 quia
1059 2402 1102 2450 ubi
1115 2403 1209 2462 princi-

126 2474 194 2536 poris
203 2477 386 2535 infirmitatem,
397 2474 525 2533 diligentia
537 2474 618 2520 autem
630 2474 655 2522 et
677 2471 744 2530 pium
757 2473 794 2518 est
804 2470 859 2518 linis
867 2471 1000 2530 quaerum,
1010 2485 1056 2519 nec
1064 2474 1207 2531 potestesse

125 2545 236 2591 studium
247 2546 366 2605 peccandi
376 2544 477 2603 incipiat
488 2543 653 2603 aintentut03
677 2540 771 2586 sublato
780 2539 828 2585 fille
837 2541 1001 2599 principium,
1011 2540 1099 2587 clunis
1108 2541 1208 2600 inprin-

126 2614 156 2658 nt
167 2625 229 2671 puer
239 2613 308 2671 quasi
320 2612 432 2658 infirmus
442 2612 542 2669 peccet,
555 2611 655 2668 iuvenis
678 2609 769 2668 cipiom
782 2610 896 2655 recurrit.
911 2611 970 2669 Ergo
979 2622 1076 2668 semper
1085 2611 1112 2656 in
1120 2610 1207 2657 eudem

125 2681 251 2738 iensquam
261 2678 447 2738 improbus,qui
456 2679 562 2725 studiose
571 2681 655 2739 cupiat
677 2690 835 2725 recursurum
852 2678 910 2725 dum
929 2679 955 2724 in
977 2679 1022 2724 lroc
1041 2679 1136 2725 mondo
1155 2682 1206 2739 est,

125 2749 226 2808 peccata
245 2748 412 2804 committere,
429 2750 454 2793 et
469 2747 496 2792 in
512 2747 655 2796 criminibus
676 2761 753 2805 genus
767 2750 887 2795 memorat
898 2750 1045 2806 humanum,
1057 2750 1086 2795 ut
1102 2762 1158 2796 curn
1170 2751 1206 2796 in·

126 2818 253 2877 glorietur.
271 2816 340 2875 Apud
357 2816 487 2874 plerosque
501 2816 567 2862 enirn
584 2815 655 2863 inno·
676 2818 737 2875 cipit
752 2830 844 2876 annus,
858 2818 976 2863 finiatur:
990 2830 1044 2863 curn
1056 2817 1156 2876 finitur,
1168 2818 1206 2864 in·

125 2886 207 2932 centia
223 2897 266 2943 pro
278 2883 392 2943 ignavia,
404 2885 429 2930 et
442 2884 513 2943 culpa
525 2896 568 2942 pro
582 2885 654 2933 laude
676 2887 772 2945 cipiat,
792 2898 839 2932 non
863 2886 945 2932 medio
969 2886 1074 2932 mundus
1093 2886 1205 2946 tempore

126 2954 240 3001 liabetur.
261 2955 296 3000 lta
317 2965 343 3000 se
362 2953 460 2999 luxuria
477 2954 502 3000 et
517 2952 613 3000 deliciis
628 2956 655 3002 et
676 2955 819 3001 resolvatur.
832 2956 904 3001 itaet
917 2954 1094 3013 mensquando
1110 2955 1205 3015 aliquid

126 3022 302 3070 adulteriorum
315 3021 653 3080 aueciibusjnvcnesjactare
663 2985 667 3043 Ι
676 3024 774 3071 videtur
791 3025 913 3084 incipere,
927 3024 957 3069 ad
972 3024 1046 3069 smem
1057 3036 1136 3083 nsque
1148 3037 1206 3073 con-

127 3092 286 3138 consuerunt.
299 3091 390 3137 Crescit
401 3103 458 3149 crgo
474 3103 529 3137 cum
542 3091 666 3140 aratinus·
677 3095 774 3153 tendat,
786 3096 811 3140 et
822 3094 903 3153 operis
912 3095 948 3140 sui
957 3093 1092 3140 terminum
1100 3097 1203 3153 quaerat.

126 3159 208 3218 culpa.
220 3152 776 3222 Omueiqiturgenusbominumjam’Qnando
795 3165 848 3210 linit
863 3164 962 3223 aliquod
979 3176 1054 3221 opus,
1069 3176 1119 3209 non
1135 3165 1206 3223 quasi

125 3241 173 3276 uon
183 3229 376 3276 consumendum
386 3229 491 3276 declarat
499 3262 506 3287 ,
515 3242 570 3276 cnm
578 3230 651 3278 dicit:
663 3210 665 3239 ¹
675 3235 841 3279 consummato
854 3245 926 3291 opere
936 3231 1055 3278 ferietura
1066 3232 1111 3277 sed
1121 3232 1147 3278 in
1156 3233 1205 3280 alia

126 3300 178 3350 Nou
189 3300 298 3359 adjiciam
307 3301 424 3358 percutere
434 3312 526 3345 ornnem
538 3312 632 3348 curnem
644 3316 652 3348 .·
675 3306 784 3350 recurrat
799 3314 886 3361 opera,
903 3305 928 3347 et
943 3313 1040 3360 semper
1051 3301 1206 3350 incrementa

125 3368 167 3417 sod
178 3368 203 3415 in
213 3372 281 3428 parte
289 3368 527 3415 vindiciaservatur.
676 3374 774 3420 virtutis
785 3373 914 3429 exerceat;
923 3371 1122 3429 quandoquidem
1136 3373 1206 3421 videt

345 3465 436 3477 -
674 3441 739 3499 quod
748 3441 772 3486 in
782 3439 875 3487 tructus
885 3452 940 3485 snus
948 3451 1045 3497 semper
1057 3440 1122 3486 terra
1130 3453 1206 3487 revo-

260 3519 387 3570 cpquT
400 3521 516 3571 xxm,
675 3510 809 3568 cetur,qui
819 3508 911 3555 diversi
920 3509 962 3555 aut
970 3509 1168 3568 rereetrestate,
1178 3509 1206 3556 ut

124 3606 189 3657 Quoi
197 3608 227 3647 ,ἢ
242 3607 358 3648 nummus:
367 3609 431 3648 Samen
446 3615 464 3648 ι,
477 3613 552 3654 mm
565 3611 652 3660 mm,
675 3579 700 3625 in
710 3578 950 3638 partibnsurieniis,
960 3579 1002 3624 ant
1011 3579 1096 3625 aestate
1107 3581 1207 3625 nutum·

145 3669 201 3754 rme
210 3674 247 3750 ιιιίπ
257 3665 383 3751 τῖφιίικιπί,
392 3664 418 3701 ad
426 3664 519 3703 litteram
530 3669 551 3704 et
560 3667 651 3705 morali-
674 3661 754 3765 {oque
765 3652 911 3709 ”mamare
928 3648 957 3694 ¹¹²
974 3648 1001 3695 in
1014 3646 1128 3708 Pafum
1139 3648 1207 3697 θεά·

155 3727 180 3754 er
187 3725 227 3763 exp
237 3717 267 3752 ica
278 3725 313 3754 ur.
692 3720 765 3766 entis.

153 3787 192 3836 82.
205 3788 271 3845 chn
280 3786 313 3833 sit
323 3785 397 3833 etiam
403 3788 467 3846 quod
478 3789 527 3837 uita
537 3793 618 3838 sennen
629 3794 651 3839 et
704 3787 926 3849 melioremne
938 3787 1060 3834 terraram
1071 3786 1206 3835 seminaria

123 3859 217 3916 mercis,
227 3857 300 3916 sriqnu
315 3858 337 3904 ct
348 3859 431 3913 astur,
442 3856 521 3915 icycma
535 3863 557 3908 et
567 3864 635 3908 osias
641 3893 649 3917 ,
676 3859 760 3916 partus
769 3869 825 3903 snos
836 3857 913 3904 edunt
922 3870 929 3902 ε
938 3856 987 3902 alio
997 3856 1081 3902 autem
1093 3856 1207 3915 tempore

123 3926 159 3973 die
168 3928 190 3973 ct
204 3927 270 3972 necte
284 3936 332 3970 uon
348 3926 496 3984 requiescent.
513 3925 650 3974 Secundum
675 3925 886 3973 tructusarborum
895 3925 1027 3984 carpimus.
1037 3922 1139 3970 Dividui
1149 3935 1208 3981 erqo

123 3992 230 4042 litteram
243 3991 365 4054 significat
374 4003 530 4052 permansura
549 4006 650 4043 manen·
676 3995 770 4043 tructus
780 3995 837 4043 sunt
846 3994 993 4054 necessarii,
1005 3994 1029 4040 ct
1039 3984 1206 4054 voluptuarii:
