2676 4800
126 330 200 380 xvllt
460 344 465 357 ’
519 329 641 376 sebert
659 329 818 375 smbbosll

124 413 226 469 ibidem
243 411 278 467 ab
296 411 355 481 ipso
371 410 520 465 constituta
532 412 590 476 est,
602 409 692 466 visum
704 423 800 474 orare,
814 408 873 477 ipso
884 407 1049 463 sanctovito
1059 409 1207 466 sacerdote

123 489 405 556 Zenohicrclerente,
417 487 573 544 didicimus.
587 493 616 544 ln
628 489 725 544 eadem
738 488 823 544 etiam
841 488 936 552 domo,
950 488 979 541 in
990 503 1045 557 qna
1060 488 1208 544 declinans

125 570 277 641 Eugenium
289 569 406 634 nransit,
418 569 543 638 tempore
557 581 613 639 quo
624 568 794 638 ltadagaisus
805 568 991 637 supradictam
1000 568 1141 623 civitatem
1151 570 1207 622 ob-

123 650 244 715 sidebat,
258 664 322 705 cum
335 650 393 719 jam
407 648 443 704 de
454 663 484 706 se
496 649 607 718 penitus
618 648 811 717 desperassent
826 647 880 703 viri
901 647 1022 702 civitatis
1039 647 1140 716 ipsius,
1154 660 1208 717 per

14 750 18 759 ¹
124 730 214 785 visum
231 728 342 785 cuidam
359 728 503 798 apparuit,
522 729 551 783 at
567 727 692 797 promisit
709 727 763 783 alio
778 726 823 782 die
835 726 952 783 salutem
966 726 1019 780 illis
1031 725 1204 785 adiuturam.

125 812 185 879 Quo
196 809 348 876 referente,
366 810 469 864 civium
487 809 571 864 animi
589 810 654 864 sunt
671 802 774 874 e'recti;
787 822 850 864 nam
867 806 953 863 altero
964 808 1025 873 die,
1038 808 1206 865 adveniente

22 885 26 892 ’
125 877 253 946 stilicone
271 892 337 945 tunc
354 889 455 944 comite
475 901 540 944 cum
562 887 704 953 exercitu,
723 886 796 942 iacta
817 890 859 942 est
879 887 913 942 de
933 887 1058 941 hostibus
1076 887 1206 946 victoria.

125 971 188 1025 llaec
206 969 357 1039 pansophia
372 968 500 1039 religiosa
517 966 636 1034 femina,
661 969 750 1022 matre
771 967 852 1036 pueri
877 966 1022 1035 Pansophii
1046 965 1204 1035 referente,

125 1063 312 1119 cognovimus.

158 1129 200 1183 tl.
219 1127 359 1183 mascezeli
376 1127 461 1183 etiam
476 1126 634 1195 desperanti
652 1125 687 1181 de
705 1126 794 1181 salute
812 1140 878 1189 sua,
896 1126 941 1179 vel
963 1125 1102 1180 exereitus
1118 1140 1206 1195 quern

124 1206 253 1262 ductabat
269 1212 364 1262 centra
376 1206 533 1272 Gildonem,
549 1206 677 1261 baculum
690 1210 788 1261 tenens
800 1219 883 1258 manu
900 1204 928 1257 in
940 1205 1002 1258 visu
1014 1206 1101 1258 noctis
1114 1219 1205 1274 appa·

125 1287 197 1352 ruit,
209 1291 365 1358 atquccum
374 1288 581 1355 provolveretur
593 1287 627 1340 ad
633 1286 717 1355 pedes
728 1287 816 1340 sancti
824 1285 876 1338 viri
890 1285 1033 1349 mascezel,
1044 1287 1206 1354 percutiens

125 1369 228 1421 terram
239 1381 324 1421 senex
335 1367 434 1420 baculo
446 1380 502 1436 quo
515 1366 679 1434 regebatur,
692 1365 774 1419 tertio
785 1363 795 1435 (
806 1363 858 1418 bac
873 1365 950 1420 enim
961 1364 1000 1417 illi
1013 1365 1105 1432 specie
1118 1380 1204 1434 appa·

125 1442 242 1515 ruerat)
255 1446 294 1499 ait
307 1461 314 1498 ι
328 1447 393 1509 llic,
407 1446 466 1508 hic,
480 1445 541 1508 hic,
553 1445 665 1514 signans
683 1444 789 1509 locum;
803 1444 934 1513 deditque
947 1444 1118 1498 intellectum
1129 1445 1202 1511 viro,

125 1538 209 1594 quem
216 1523 371 1579 visitatione
384 1524 498 1593 dignum
508 1524 599 1578 inerat
608 1523 771 1587 arbitratus,
783 1526 814 1578 nt
826 1527 986 1593 agnosceret
995 1538 1024 1577 se
1035 1524 1062 1575 in
1073 1522 1132 1591 ipso
1145 1525 1205 1578 loen

126 1603 154 1656 in
165 1617 221 1674 quo
229 1607 355 1658 sanctum
368 1602 476 1656 bomini
488 1601 794 1667 videratsacerdote1n‚
805 1602 850 1657 die
864 1604 945 1657 tertia
958 1603 1101 1657 victoriam
1114 1604 1203 1673 adep·

126 1684 220 1737 turum
230 1697 238 1735 :
249 1686 332 1752 atque
344 1682 382 1735 ita
394 1695 510 1736 securus
521 1681 625 1735 bellum
638 1681 776 1735 inchoavit
787 1684 815 1736 ct
827 1682 1036 1736 consummavit.
1048 1684 1100 1734 llos
1109 1687 1203 1738 tamen

125 1776 158 1816 ca
171 1761 313 1816 Mediolani
333 1761 430 1830 posili,
445 1760 503 1830 ipso
515 1762 662 1814 hlascezele
674 1758 827 1825 referente,
841 1761 1033 1830 cognovimus3
1051 1776 1116 1815 nam
1134 1767 1163 1817 et
1175 1764 1203 1818 in

127 1840 178 1894 bac
190 1839 346 1909 provincia,
366 1840 461 1909 inqua
475 1849 549 1892 nnnc
561 1838 642 1906 positi
657 1838 716 1892 haec
734 1839 893 1903 scribimus,
907 1840 1035 1908 plurimis
1045 1841 1097 1894 hoc
1112 1841 1203 1910 ipsum

126 1919 221 1975 retulit
237 1918 441 1983 sacerdotibus,
458 1918 560 1987 quibus
577 1918 661 1971 etiam
683 1916 884 1984 referentibus,
904 1919 1031 1973 securius
1046 1919 1108 1974 haec
1125 1921 1203 1975 nobis

126 1998 235 2068 cognita
244 1998 313 2053 huic
324 1999 395 2052 libro
411 1997 561 2067 adjungere
572 1996 699 2051 arbitrati
712 2012 817 2052 sumus.
904 2049 905 2052 ,

159 2079 202 2133 ta.
218 2077 328 2132 sisinnii
345 2077 429 2131 etiam
448 2077 476 2131 ct
495 2075 643 2130 Alexandri
656 2078 825 2146 martyrum,
843 2077 892 2145 qni
905 2077 1004 2131 nnshis
1016 2079 1202 2146 temporibus,

126 2156 178 2210 hoc
189 2158 247 2220 est,
260 2158 321 2224 post
332 2155 438 2209 obitum
450 2154 538 2209 sancti
551 2154 686 2208 Ambrosii
700 2156 728 2209 in
738 2156 872 2210 Anauniae
881 2157 1021 2224 partibus,
1034 2171 1205 2227 persequen-

126 2233 200 2289 tibus
209 2234 359 2304 qentilibus
371 2234 437 2290 viris
449 2233 574 2302 martyrii
587 2248 715 2289 coronam
727 2235 821 2303 adepti
833 2237 913 2299 sunt,
926 2249 991 2289 cum
1003 2236 1136 2306 reliquias
1148 2239 1204 2292 lde-

124 2311 227 2369 diolani
238 2327 345 2370 summa
357 2326 421 2368 cum
431 2312 577 2369 devotione
589 2314 807 2382 susciperemus,
821 2314 985 2369 adveniente
997 2314 1204 2384 quodamscaeco

126 2395 155 2447 et
166 2389 304 2449 referente
313 2393 506 2462 cognovimm,
516 2380 566 2462 qui
575 2392 671 2448 eodem
684 2392 729 2447 die
743 2395 816 2446 tacto
825 2393 929 2456 loculo,
944 2393 972 2446 in
981 2407 1036 2462 qun
1045 2396 1203 2448 sanctornm

125 2471 249 2541 reliquia
261 2472 455 2541 portabantur,
469 2473 562 2527 lumen
581 2472 703 2540 recepit,
722 2472 796 2541 quod
813 2487 862 2540 per
880 2472 969 2526 visum
986 2472 1073 2525 noctis
1090 2473 1204 2528 vidisset

125 2565 222 2607 navem
231 2552 497 2620 appropinquantem
508 2551 609 2614 littori,
624 2552 651 2604 in
664 2564 720 2620 qua
731 2554 792 2605 erat
803 2551 951 2606 multitudo
962 2553 1115 2607 albatorum
1127 2554 1203 2606 viro·

125 2645 203 2696 rum,
215 2630 317 2700 quibus
328 2628 559 2685 descendentibus
571 2629 607 2684 ad
619 2632 737 2695 terram,
750 2645 815 2685 cum
827 2646 913 2685 unum
931 2632 965 2686 de
978 2632 1058 2686 turba
1070 2646 1203 2699 precare-

125 2712 187 2773 tur,
205 2712 236 2762 ut
251 2709 335 2763 sciret
347 2709 396 2778 qui
408 2711 500 2763 essem
517 2708 536 2762 ii
552 2709 627 2774 viri,
637 2709 756 2765 audierit
775 2710 950 2765 Ambrosium
962 2711 1076 2779 ejusque
1089 2725 1203 2764 consor-

125 2792 176 2842 lcs.
184 2789 244 2855 Quo
253 2786 348 2842 andito
359 2787 488 2851 nomine,
500 2801 563 2842 cum
575 2788 773 2856 deprecaretur
784 2792 815 2843 ut
824 2790 917 2843 lumen
932 2790 1084 2856 reciperet,
1097 2790 1205 2844 audivit

125 2867 160 2921 nb
177 2881 211 2922 en
223 2882 231 2921 :
245 2869 331 2935 Perge
343 2866 541 2931 Mediolanum,
554 2869 583 2922 et
600 2882 716 2922 occurre
728 2867 860 2923 iratribus
873 2869 956 2932 meis,
969 2869 1017 2939 qui
1031 2869 1076 2922 illo
1092 2871 1203 2923 venturi

125 2949 205 3011 sunt,
219 2945 365 3014 designans
376 2945 467 3009 diem,
480 2949 509 3002 et
520 2946 638 3015 recipies
650 2948 753 3002 lumen.
768 2950 832 3001 lirat
844 2949 920 3002 enim
935 2949 991 3012 vir,
1005 2950 1036 3003 nt
1049 2948 1106 3017 ipse
1120 2950 1203 3003 adse-

127 3026 218 3089 rebat,
231 3025 266 3079 de
278 3024 369 3080 littore
380 3025 550 3090 Dalmatiae,
562 3040 614 3080 nec
623 3029 724 3081 scente
733 3027 840 3082 venisse
850 3027 879 3080 in
890 3027 1031 3081 civitatem
1040 3026 1202 3093 adserebat,

125 3103 286 3174 prinsquam
302 3107 379 3159 recto
397 3102 497 3159 itinere
515 3103 639 3174 reliquiis
651 3107 809 3160 sanctorum
821 3103 1002 3171 accubet,
1020 3104 1140 3159 nondum
1159 3106 1203 3158 vi·

125 3181 192 3236 dens
207 3197 213 3235 :
227 3182 275 3237 sed
289 3184 362 3237 tacto
373 3183 479 3248 loculo,
493 3183 587 3238 videre
600 3185 726 3253 coepisse.
925 3178 928 3185 ’

158 3262 200 3316 bs.
215 3262 261 3316 llis
274 3261 367 3332 itaque
380 3261 519 3326 decumis,
533 3275 587 3316 non
598 3264 719 3317 arbitrer
731 3278 814 3335 grave
828 3264 932 3329 videri,
944 3263 967 3317 si
979 3265 1122 3332 paululum
1135 3278 1203 3333 pro·

124 3341 199 3397 rrrbsi
211 3343 296 3399 nostri
310 3345 397 3398 metas
409 3342 625 3409 excesserimuS,
640 3347 671 3399 ut
683 3346 790 3399 Domini
809 3344 914 3399 dictum
930 3344 1003 3414 qnod
1016 3358 1107 3412 peres
1120 3359 1200 3399 sanc·

126 3425 216 3475 lorum
227 3424 422 3491 prophetarum
434 3422 565 3493 loquutus
571 3427 629 3488 est,
639 3426 807 3493 completum
813 3440 873 3480 esse
880 3426 1043 3480 doceamus:
1056 3420 1196 3478 sedenter

125 3495 263 3556 adsersus
280 3501 402 3568 tratrem
425 3516 513 3557 susem
531 3506 558 3557 et
580 3498 779 3556 detrahentem
803 3505 927 3568 acerette,
943 3502 1154 3572 persequebor;
1175 3507 1205 3559 et

126 3579 190 3634 alibi
205 3594 212 3632 :
225 3580 290 3635 Noli
308 3575 427 3648 dilipere
444 3577 613 3643 detrahere,
626 3594 662 3634 rte
676 3577 882 3645 eradicemtrti;
902 3585 933 3637 nt
944 3582 1114 3652 quicumque
1133 3580 1205 3638 torte

125 3659 279 3727 hujusmodi
299 3663 395 3729 captus
413 3664 455 3716 est
474 3660 691 3723 consuetudine,
710 3655 775 3714 cum
798 3662 895 3731 legerit
913 3661 1079 3732 qualiter'in
1102 3661 1135 3714 iis
1155 3664 1205 3731 qui

126 3739 219 3791 sancto
231 3739 289 3793 viro
302 3739 448 3796 detrahere
461 3740 520 3794 ausi
536 3742 615 3804 sunt,
636 3738 720 3794 inerit
733 3740 919 3807 vindicatum,
932 3742 991 3810 ipse
1006 3741 1089 3797 etiam
1103 3740 1132 3792 in
1143 3741 1206 3796 aliis

125 3818 299 3876 emendetur.

159 3898 200 3952 tt.
219 3899 305 3969 igitur
322 3901 445 3955 Donatus
458 3899 571 3969 quidam
589 3900 699 3955 natione
717 3899 798 3965 hier,
811 3903 956 3971 presbyter
970 3904 1061 3955 emen
1075 3901 1205 3954 Ecclesiae

125 3976 331 4036 tlediolanensis
342 4019 349 4046 ,
361 3993 426 4034 cum
435 3979 464 4033 in
476 3979 601 4034 convivio
611 3981 731 4050 positus,
744 3982 771 4034 in
781 3996 837 4051 quo
846 3985 925 4036 crant
939 3980 1061 4034 nonnulli
1072 3980 1206 4035 militares
