2714 4794
137 354 182 404 2511
224 375 226 381 ’
517 355 644 401 δΛΝΕΤΙ
661 318 838 399 amenesii

137 437 170 483 de
188 435 278 496 quibus
297 432 360 482 dicit
378 432 507 494 Apostolus
522 447 530 479 ι
548 433 665 482 Habemus
690 432 733 480 sed
743 433 817 492 bonag
825 431 885 493 quia
891 430 972 490 iustus
980 430 1044 480 beno
1051 431 1176 481 smesrita
1187 430 1225 480 ιιι-

136 505 272 553 thesaurum
290 505 316 551 ιἰι
334 505 396 553 vosts
420 503 535 562 fictilibus.
554 503 611 550 llaec
629 502 666 550 est
689 503 810 561 iustorum
826 505 909 550 autem
920 514 1005 562 nemo,
1017 501 1227 563 quamvlscerrls

136 577 213 623 sestis
228 573 392 634 AEgyptiorum
403 585 451 633 qua
468 572 574 619 vestitur
585 572 665 618 anima
690 572 818 618 vivacibus
828 571 982 619 diuturniore
991 572 1042 618 rita
1051 571 1156 619 vixerit.
1164 571 1225 619 Nan

135 647 230 703 nostra3
243 648 271 692 ut
282 642 429 702 locupletior
446 642 504 688 irinc
515 640 629 697 recedat,
640 642 665 687 et
691 642 733 687 diu
745 642 831 688 vivere
844 653 971 688 commune
982 640 1139 699 sapientibus
1150 634 1227 702 stipas

135 726 184 773 quo
196 714 237 759 bic
249 713 410 760 vehementer
425 711 564 770 laborabat,
577 711 664 756 libere·
691 709 866 769 insipientibus
884 713 922 756 est
932 723 939 755 ι
951 710 1014 757 bene
1032 711 1117 756 autem
1136 710 1226 759 rivers

137 779 187 830 tur.
205 783 257 828 lton
275 782 353 828 solum
369 782 437 826 enim
457 779 535 827 omnis
554 779 663 826 creatura
690 779 797 837 speciale
816 779 934 838 sapientis
950 780 1003 838 est,
1018 777 1090 835 cujus
1107 780 1225 827 senectus

136 851 291 911 ingemiscit,
303 853 328 897 et
338 850 457 909 liarturit,
469 849 511 896 sed
523 849 598 896 eliam
608 860 664 907 nos3
691 848 852 906 venerabilis,
864 850 890 894 et
900 848 959 894 aetas
970 847 1105 893 senectutis
1116 847 1167 893 rita
1175 847 1225 894 iru-

135 921 214 967 donee
226 920 312 966 veniat
322 919 441 966 redemtio
453 918 562 977 corporis
578 918 663 964 nostri.
691 919 812 966 madidata
822 932 829 966 z
839 932 887 965 non
896 918 1026 977 diuturna,
1036 917 1132 978 inquit,
1141 928 1224 977 nequ

135 990 216 1038 llabet
224 991 342 1037 Dominus
352 1002 434 1036 suram
444 989 526 1048 operis
533 988 581 1046 sui,
590 987 664 1035 babet
691 1000 793 1034 numero
801 1001 920 1036 annorum
929 987 1082 1047 computata,
1090 999 1138 1034 nec
1147 985 1225 1047 espil-

134 1060 230 1106 naturae
247 1061 350 1118 promlae
369 1058 396 1103 in
407 1057 531 1117 plerisque
548 1056 578 1103 ad
589 1056 665 1102 ratio·
690 1058 721 1103 lis
737 1059 804 1105 oanis
820 1060 847 1104 in
863 1059 957 1118 capite,
975 1056 1020 1104 sed
1037 1057 1160 1103 sensibus.
1177 1054 1224 1103 ills

135 1139 192 1174 nem
211 1139 238 1174 ar
264 1127 475 1173 benevolentiam.
494 1128 579 1186 Neque
598 1126 664 1172 enim
691 1138 748 1186 ergo
765 1128 829 1175 bene
845 1127 963 1185 senescit,
975 1126 1019 1185 qui
1031 1125 1094 1172 bene
1105 1123 1223 1172 senserit.

135 1196 220 1243 excidi
231 1195 257 1243 et
266 1196 348 1256 perire
360 1195 468 1256 patimur
479 1195 592 1252 arbores,
603 1207 665 1254 qua·
720 1197 759 1243 65.
777 1199 867 1258 Quarta
882 1200 960 1244 ostem
979 1196 1127 1256 generations
1145 1206 1224 1241 rerer»

134 1278 190 1312 rum
209 1266 273 1312 eirca
286 1266 379 1326 primos
391 1264 485 1312 tructus
496 1265 567 1312 nobis
583 1264 664 1311 lotura
691 1268 776 1312 lentur.
795 1265 900 1312 Historia
915 1263 1015 1323 quidem
1032 1262 1063 1309 de
1080 1260 1173 1308 ludels
1183 1260 1224 1309 vl·

134 1336 287 1395 prorumpit,
298 1335 318 1383 si
330 1335 468 1395 posteriore
482 1337 554 1381 aetale
570 1346 612 1381 eas
623 1334 665 1380 aut
690 1334 762 1381 detur
771 1335 964 1394 convenire,qui
975 1334 1000 1380 in
1008 1332 1137 1392 AEgyptuur
1145 1332 1225 1378 traus-

134 1405 225 1449 sentus
239 1403 366 1462 decutiat,
388 1404 432 1449 aut
453 1403 488 1449 sol
505 1403 604 1460 adurat,
622 1403 663 1447 aut
691 1405 786 1462 icrunt,
803 1406 829 1451 et
848 1404 879 1451 de
895 1395 995 1463 AEgyplo
1011 1401 1138 1449 exierunt.
1156 1400 1224 1458 Qn-

135 1471 282 1519 sulbcienrla
302 1474 328 1519 et
349 1471 556 1518 subministranda
573 1471 664 1517 virtute
689 1474 813 1534 dringenti
824 1474 890 1520 enim
907 1477 933 1520 et
948 1471 1049 1530 triginta
1064 1470 1123 1517 anni
1135 1480 1222 1517 corun

135 1540 290 1587 siccitatibus
318 1541 419 1588 deiciat
441 1540 577 1586 substantia
596 1552 603 1585 ι
622 1541 663 1586 sed
690 1543 741 1591 illic
752 1543 833 1590 exacti
845 1544 916 1589 sunt:
929 1541 972 1588 sed
982 1550 1126 1587 nonomnes
1137 1540 1223 1586 ceute·

134 1608 279 1655 melioribus
296 1609 362 1655 auris
372 1608 508 1655 diberimus
519 1610 664 1655 examinari·
690 1613 994 1673 nos,etquotexrurrunt,
1003 1620 1079 1656 annos
1087 1605 1222 1664 vixerunt,

135 1677 186 1724 das.
195 1678 225 1723 Et
235 1677 291 1723 ideo
301 1677 419 1724 Dominus
429 1679 494 1725 Deus
504 1680 587 1725 noster
594 1679 664 1724 bonae
689 1684 750 1727 sicul
763 1684 869 1741 lloyses,
879 1682 998 1729 autlesus
1005 1679 1085 1736 Nare,
1096 1675 1221 1736 utqusrtu

135 1745 269 1792 voluntatis
285 1748 468 1805 remunerator,
484 1747 559 1793 etiarn
577 1748 664 1807 primm
689 1752 856 1808 generationis
876 1751 973 1809 tempus
992 1747 1134 1795 conveniet.
1150 1742 1221 1791 Unde

135 1815 222 1861 feturae
233 1817 306 1873 atque
324 1815 413 1862 indolis
429 1816 663 1875 contemplationem
690 1821 818 1879 mysticum
827 1820 919 1879 aliquid
929 1819 1004 1877 magis
1012 1815 1221 1875 requiramusm

134 1883 229 1930 babens
237 1895 309 1930 omne
317 1885 398 1943 colligi
410 1886 502 1944 patitur
510 1887 598 1933 animae
609 1900 664 1934 nos·
688 1889 753 1947 quod
770 1891 845 1936 tetras
859 1888 972 1934 omnibus
983 1883 1093 1933 numeris
1103 1885 1162 1943 epta
1171 1882 1220 1940 sit,

134 1954 179 1998 trae
197 1952 372 2012 patrimonium
385 1954 416 1999 'et
433 1955 567 2012 reservari,
583 1950 663 2001 'laturi
690 1959 715 2004 et
726 1958 796 2002 radix
805 1958 915 2015 ‹puaedam
924 1956 1026 2004 decima
1037 1965 1066 2000 sc
1074 1952 1221 2000 lundene*

133 2021 254 2078 adventus
262 2021 324 2068 illud
333 2021 478 2080 probalurus
487 2024 616 2082 temperie.
689 2027 755 2085 tum,
764 2024 923 2072 hebdomadis
933 2035 1030 2084 quoque
1041 2021 1133 2068 media.
1144 2019 1219 2068 Deul-

165 2089 203 2137 ob.
216 2092 307 2137 blemor
323 2091 404 2150 itaque
420 2091 459 2138 sui
475 2093 585 2140 muneris
598 2092 663 2152 quod
688 2106 736 2151 qne
748 2093 919 2155 nonagesimus
929 2093 1017 2139 tertius
1032 2090 1143 2150 palmus
1157 2086 1219 2136 sorl-

135 2161 274 2208 immortalc
295 2161 374 2207 voluit
394 2173 447 2208 esse
465 2163 556 2222 aquis,
578 2163 622 2209 sed
642 2163 662 2210 si
689 2162 757 2208 bitur
782 2166 868 2222 quarta
896 2161 1009 2218 Sabbati3
1031 2171 1062 2207 eo
1086 2156 1154 2219 quod
1177 2155 1218 2203 hie

135 2230 208 2289 culpa
225 2242 273 2276 non
289 2230 438 2290 obrepsisset
456 2231 481 2278 et
498 2232 593 2290 gravis,
608 2245 663 2290 quae
688 2243 804 2277 numerus
813 2230 909 2277 medius
917 2230 949 2276 sil
957 2229 1068 2289 priorum
1078 2228 1217 2287 etsequeu·

134 2297 195 2346 tecit
210 2301 294 2347 utnon
306 2299 436 2359 expediret
451 2300 563 2349 bomines
573 2301 616 2348 diu
627 2301 663 2348 ri·
689 2300 759 2347 tium.
770 2299 829 2346 'l'res
842 2300 909 2346 enim
923 2297 1067 2358 praecedunl
1082 2307 1155 2355 eun,
1168 2291 1217 2355 prl-

134 2379 209 2428 vere,
219 2370 253 2417 all
262 2368 292 2415 ad
301 2370 421 2416 Abrabam
431 2383 438 2416 ι
449 2372 570 2418 Ίιιιιιιιειιι
578 2372 621 2419 ibis
633 2373 663 2418 od
688 2380 757 2428 mus,
768 2368 903 2428 secundus,
911 2367 1011 2426 tertius3
1021 2366 1217 2425 ettressequuu·

132 2442 664 2500 pomeriummmpacemslroosmseoec·
689 2439 742 2497 tur,
761 2439 876 2499 quintus,
898 2439 997 2495 sextus,
1019 2434 1150 2494 septimus.
1170 2430 1216 2491 Qut

134 2510 181 2555 tots
193 2509 261 2556 boas.
273 2509 367 2555 Patitur
377 2522 421 2556 nos
431 2509 559 2556 discedere
570 2523 602 2556 ex
616 2510 662 2557 boc
688 2507 753 2554 bunc
764 2508 885 2567 psalmum
895 2507 973 2565 canit,
981 2505 1052 2553 velut
1059 2504 1126 2563 aptis
1132 2511 1216 2550 nume

134 2577 237 2636 saeculo,
246 2579 273 2624 ut
281 2578 417 2624 secessione
426 2579 513 2625 animae
522 2578 567 2625 boc
577 2592 663 2638 eorpus
688 2580 721 2625 ris
732 2580 809 2626 vitam
822 2579 893 2626 istius
908 2576 993 2625 mundi
1008 2574 1138 2634 transigit,
1148 2570 1216 2634 qaut

132 2644 270 2691 resolvatur
283 2646 309 2691 in
324 2648 413 2692 terram
425 2660 507 2705 suain,
520 2651 544 2695 et
555 2648 597 2694 siat
607 2650 663 2696 linis
688 2650 843 2709 tetragonus,
852 2654 876 2697 el
885 2649 992 2706 stabilis,
1001 2643 1213 2707 atquepertectus·

132 2714 230 2772 peccati
249 2727 256 2759 r
275 2714 365 2760 deinde
390 2728 435 2774 per
457 2718 662 2765 resurrectionem
688 2720 715 2765 ln
732 2722 836 2778 quatuor
851 2719 921 2766 libris
938 2718 1039 2777 plenum
1057 2712 1215 2772 evangellum

133 2780 282 2829 reformetur
298 2782 388 2829 divina
405 2783 559 2831 liberalitatis
575 2789 660 2845 gratia.
688 2789 761 2846 alque
772 2787 910 2846 perlectum
922 2789 968 2833 est.
979 2785 1090 2843 Quatuor
1100 2778 1214 2828 animus

133 2850 239 2908 ideoque
256 2849 316 2897 dicit
332 2852 361 2896 ad
377 2851 518 2899 Abrabam:
532 2855 662 2904 Taiblsod
688 2849 1215 2913 mysticasuntarunoiquoqueistiuspsrtes

132 2920 211 2976 patres
223 2921 282 2964 tuos.
293 2919 408 2967 ll'onnulli
421 2922 570 2979 putaverunt
581 2926 662 2981 patres
687 2926 792 2983 quatuor
803 2927 873 2983 sunt,
883 2938 915 2971 ex
926 2924 1015 2983 quibus
1024 2917 1162 2979 congregati
1170 2913 1214 2963 illl

133 2997 188 3032 esse
199 2986 337 3046 elementa,
354 3000 386 3035 ex
401 2989 490 3049 quibus
501 2993 595 3040 constat
607 3007 662 3042 earo
688 2993 802 3039 Ecclesia
813 3006 915 3052 regnum
926 2991 1014 3038 Clrrisli
1025 2987 1214 3037 sacratissimum

132 3055 215 3102 nostra
224 3055 282 3103 dum
294 3056 414 3117 vivimus,
425 3060 450 3105 et
459 3059 484 3104 in
495 3073 549 3120 qua·-
561 3065 662 3110 resolvi·
686 3065 864 3122 propagarunt,
875 3063 1006 3110 venientes
1022 3058 1053 3105 ab
1066 3056 1169 3104 Oriente
1178 3053 1215 3102 al·

132 3135 197 3170 mur.
213 3124 261 3172 Sed
272 3139 315 3173 nos
329 3128 371 3187 qui
388 3128 545 3176 meminimus
558 3134 660 3180 matrem
686 3123 1215 3191 queOccidente,Seplemlrionoetllleridle.

132 3192 436 3257 nohisessellierusalem,
446 3204 660 3262 quaesursumesl,
686 3200 868 3259 Qiradripartilo
882 3201 956 3260 igitur
969 3200 1048 3259 latere
1063 3195 1148 3244 macta
1162 3204 1216 3242 sur·

131 3274 188 3322 quae
199 3262 276 3311 libera
287 3267 339 3324 est,
351 3279 406 3325 quae
415 3268 452 3314 est
463 3267 542 3314 mater
552 3271 660 3317 omnium
686 3271 753 3317 rexit
771 3270 887 3317 Ecclesia.
907 3270 985 3315 Daras
1002 3278 1100 3327 quoque
1119 3277 1153 3312 ex
1169 3262 1215 3311 isto

132 3331 256 3393 nostrum,
277 3334 341 3383 sicut
361 3336 422 3383 dicit
441 3336 584 3396 Apostolus,
606 3340 661 3388 illos
686 3351 789 3386 numero
801 3339 918 3399 adsurgit.
930 3338 954 3384 Si
967 3330 1216 3384 enimconnectasslr

132 3403 268 3452 adserimus
275 3407 358 3463 patres
368 3406 410 3465 qui
422 3406 479 3453 vllae
490 3407 579 3454 morito
588 3410 613 3455 et
624 3422 661 3457 or·
686 3421 735 3456 uno
748 3421 826 3467 usque
837 3409 867 3455 ad
878 3410 997 3468 quatuor,
1009 3406 1055 3452 boc
1066 3404 1138 3451 modo
1149 3400 1217 3450 derl-

133 3471 190 3518 dine
206 3475 391 3531 praecesserunt.
409 3475 465 3521 Erat
480 3475 531 3521 illic
547 3477 608 3524 llbel
620 3479 661 3538 pia
686 3489 750 3523 mam
766 3477 848 3524 iacies.
867 3478 984 3536 Computa
995 3487 1087 3532 unum,
1099 3472 1163 3520 adde
1179 3468 1217 3518 llil

132 3540 247 3599 victima,
265 3544 317 3587 erat
334 3544 391 3601 pius
407 3546 432 3590 et
449 3546 546 3591 sanctus
563 3548 659 3605 Enocb,
686 3545 748 3604 duo,
759 3546 821 3595 siunt
831 3548 880 3593 tros
891 3559 898 3591 s
910 3546 972 3593 adde
988 3544 1068 3591 tribus
1077 3544 1142 3601 tres,
1153 3536 1218 3588 flunt

133 3610 187 3655 erat
201 3609 266 3668 lloe,
278 3610 308 3656 ad
325 3624 366 3658 eos
378 3613 529 3672 promittitur
541 3615 659 3663 abrabam
686 3627 729 3661 sex
742 3629 749 3660 z
762 3618 786 3662 et
797 3616 827 3662 ad
838 3629 881 3662 sex
893 3615 955 3662 adde
964 3615 1083 3674 quatuor,
1093 3612 1158 3659 liunt
1172 3608 1218 3657 lle-

132 3678 260 3724 transitus.
271 3678 367 3727 Transit
379 3683 444 3728 enim
457 3683 499 3741 qui
511 3684 541 3731 do
553 3685 599 3731 bac
610 3686 659 3732 vila
687 3698 748 3733 cern.
760 3687 844 3733 'Petras
855 3685 930 3744 igitur
939 3685 1025 3732 decern
1035 3683 1136 3742 implet,
1145 3679 1220 3728 decas

132 3746 251 3794 recedens
267 3749 297 3794 ad
314 3749 387 3796 riman
406 3751 526 3812 demigrat
542 3756 660 3814 alteram,
685 3752 1221 3814 numerumomnemcomplectitur.Quatuoe

133 3826 181 3874 qua
189 3816 328 3864 vivitmens
336 3819 453 3877 sapientis
462 3823 486 3867 et
493 3821 552 3878 justi
560 3824 607 3870 siri
616 3826 659 3883 qui
685 3838 782 3884 quoque
797 3827 881 3872 aetates
892 3826 950 3872 sunt
960 3824 1082 3881 hominis,
1094 3819 1218 3882 pueritia,

133 3884 241 3932 nutritus
252 3887 289 3932 est
304 3888 329 3934 in
346 3899 415 3947 pace.
431 3889 490 3934 b'am
506 3889 624 3950 insipiens
634 3894 659 3939 ln
686 3892 1148 3953 adolescentia,juventus,maturitas.
1156 3890 1221 3936 Pru·

133 3952 199 4000 bello
207 3954 316 4001 nutritur
325 3957 350 4003 et
361 3955 385 4001 in
397 3954 625 4017 discordiis:justus
635 3962 659 4008 in
686 3962 755 4009 latim
775 3963 884 4023 adsurgit
903 3964 929 4011 ct
946 3963 1071 4011 tundatur.
1091 3957 1217 4021 Sapientia

133 4022 263 4072 senectute
276 4022 340 4072 bona
352 4024 422 4072 risit.
438 4024 489 4073 b'on
500 4025 564 4075 dixit
575 4028 659 4091 longa,
685 4031 768 4094 itaque
777 4031 1220 4096 summaprudentiaequartoaetatam
