2676 4800
418 427 462 474 nc
483 415 563 475 carn
584 431 626 475 nr
643 432 730 476 narn
751 433 854 478 arsen
874 434 891 478 r.
1154 432 1197 482 iss

73 563 75 568 .
138 504 268 568 imprimam
284 507 402 571 laqueum
421 510 486 571 goim
502 510 644 560 dicens:8i
668 513 876 562 sineccrtamine.
894 514 1094 564 Probandierant
1111 517 1196 577 dubiij

136 575 225 630 abac
231 591 260 635 er,
270 579 306 625 dic
317 578 372 625 baie
383 579 505 639 topicam
511 581 580 638 panis
589 581 639 637 fiat.
668 582 696 626 ut
710 580 769 637 insti
785 585 966 630 coronarentur.

137 642 242 704 deperdit
255 646 376 704 Dominus
389 660 396 692 ε
409 648 465 694 Non
476 649 500 693 in
515 660 577 707 pane
592 649 640 695 roto
698 649 735 696 te.
748 649 821 697 Dedit
837 651 920 711 itaque
931 652 1028 698 diabolo
1043 663 1086 713 ea,
1096 654 1153 714 quia
1170 656 1195 700 in

134 713 170 758 tiit
183 713 307 772 tenenat
318 717 345 762 la
362 719 429 763 omni
446 715 517 763 cerdo
531 718 584 762 ilci.
595 717 640 762 La·
666 716 705 763 his
722 717 782 776 ipsis
800 731 872 777 poeria
891 720 1037 779 accipientis
1054 722 1105 780 est,
1125 721 1145 768 si
1158 724 1195 769 uti

134 791 199 838 amm
215 784 287 831 solvit
297 784 345 832 boc
356 785 438 831 dicto.
449 784 533 836 Posuit
550 785 639 832 iterum
666 784 767 831 nesciat.
778 785 842 843 Quid
854 788 890 832 est
901 788 968 833 enim
978 789 1109 836 thesaurus
1120 789 1195 837 luru-

132 845 217 898 uirtus
223 851 361 898 secundum
375 851 501 910 iactantiae
508 852 638 911 taqueum,
665 853 743 911 noso,
754 853 801 899 nisi
817 856 912 902 sumtus
928 855 1053 903 luxuriari
1064 858 1134 904 Unde
1146 871 1195 906 non

73 951 77 961 .
131 917 322 974 tdcbmbonam
334 920 640 979 mentemprosperiscur-
665 922 870 980 luxuriosus‚scd
886 923 949 983 trogi
960 925 1085 984 probatur.
1097 925 1194 974 ntideo

132 987 202 1033 maan
219 987 315 1034 emtus
340 988 405 1035 solet
423 989 575 1047 strangulare
588 1003 594 1034 ε
607 991 639 1036 itt
665 991 734 1037 utere
743 991 812 1050 quasi
828 990 892 1050 trogi
903 992 933 1039 iis
942 1006 997 1052 que
1008 993 1053 1039 libi
1064 1005 1194 1053 apponun-

129 1053 177 1102 &rii
190 1057 267 1114 bsai,
287 1056 390 1116 lnquit,
410 1057 638 1113 conterentemet
664 1060 718 1117 tur,
736 1060 764 1106 ut
783 1072 831 1106 non
851 1074 908 1106 cnm
927 1061 1057 1108 manducas
1074 1062 1194 1121 multam,

129 1121 246 1170 wenna
256 1127 436 1185 superplenam
447 1126 538 1184 templi,
549 1127 637 1172 etdtxit
663 1127 762 1174 odibilis
773 1128 834 1174 lias:
849 1131 939 1187 Vipitioe
959 1130 1025 1174 enim
1041 1133 1062 1176 ct
1077 1133 1194 1177 tormenta

129 1188 151 1234 n
158 1204 166 1235 ε
174 1193 197 1239 ti
203 1194 262 1250 βίη
270 1195 317 1240 Ilei
325 1207 362 1251 ca,
382 1196 447 1241 mitte
458 1197 478 1240 tc
489 1193 550 1239 binc.
559 1196 637 1253 Scrip-
662 1196 712 1241 ebo
721 1197 794 1242 edaci.
808 1197 836 1242 et
847 1196 911 1241 inira
922 1210 928 1242 τ
941 1198 967 1242 Si
983 1199 1075 1243 coactus
1086 1197 1158 1255 saeris
1168 1199 1193 1243 in

129 1257 264 1309 tundata
273 1263 338 1323 quod
354 1262 450 1321 Anpelia
459 1263 508 1308 mir
518 1263 637 1308 mandacii
662 1263 760 1319 edendo,
771 1277 839 1324 serpe
850 1267 871 1310 et
882 1277 947 1310 come
953 1297 961 1321 ‚
969 1267 991 1311 ct
1000 1263 1147 1324 refripcrabit
1157 1267 1193 1322 tc,

130 1325 359 1384 detnatermrvent
375 1333 396 1377 te
401 1346 410 1390 3
427 1331 484 1390 quin
494 1331 519 1376 in
529 1329 636 1376 monibus
662 1333 683 1376 et
693 1344 741 1376 non
757 1334 855 1379 addaces
865 1334 957 1392 corpori
975 1335 1014 1379 tuo
1025 1333 1193 1390 infirmitatem.

131 1394 480 1458 blesimaesortcotimdaaod
490 1398 588 1456 lapidem
596 1410 636 1456 pe·
660 1399 780 1446 Plurimos
795 1401 878 1460 itaque
896 1402 953 1461 gula
969 1413 1013 1448 sua
1023 1401 1193 1460 occldit‚nul-

127 1463 240 1513 hta«.
254 1469 342 1527 ltaque
354 1479 412 1514 cum
424 1467 505 1525 posset
521 1466 574 1511 sine
584 1465 636 1511 ullo
661 1467 711 1512 turn
722 1467 848 1528 tragalitas
859 1481 866 1514 ε
878 1469 1017 1517 innumeris
1028 1470 1085 1517 rina
1100 1482 1193 1516 nocue-

126 1534 215 1592 pen‘caia
228 1536 329 1584 mittere
341 1548 368 1582 se
379 1534 492 1581 dominus
501 1533 584 1591 iesus,
595 1534 635 1580 cui
661 1537 735 1595 runt,
745 1538 808 1584 nulii
826 1539 984 1597 parcimonia.
996 1539 1110 1597 Plerique
1126 1538 1193 1585 inter

125 1606 262 1664 suppeterent
281 1605 409 1664 spiritales
427 1602 537 1662 rotatum
553 1604 635 1649 tamen
661 1604 746 1661 epulas
762 1605 848 1653 ludere
867 1606 974 1664 animas,
985 1607 1011 1653 et
1029 1618 1124 1653 mensas
1135 1617 1193 1665 pro·

125 1673 267 1730 amantiae
274 1669 575 1732 genusesset,respondit
584 1670 636 1716 dia·
660 1671 713 1729 prio
728 1672 857 1732 replevere
869 1675 995 1733 sanguine.
1007 1674 1068 1722 tilis
1084 1674 1191 1722 cruditas

124 1741 335 1806 lebalieateaitcbir
342 1742 551 1788 Domtnnmllcum
561 1742 633 1787 taem.
661 1752 746 1787 vocem
762 1742 835 1790 simul
847 1744 929 1803 rapuit
948 1745 974 1791 et
988 1756 1108 1791 sensum:
1125 1744 1151 1789 et
1169 1743 1190 1790 sl
1217 1752 1223 1758 ‘

124 1810 184 1859 ssu
194 1811 277 1860 docuit
293 1822 341 1857 nes
365 1821 453 1857 cavere
469 1820 501 1855 na
517 1808 635 1856 laciamus
660 1809 782 1868 aliquibus
802 1812 909 1858 cruditas
920 1811 995 1858 noxia
1011 1823 1060 1858 non
1077 1811 1138 1869 luit,
1150 1811 1191 1857 bis

124 1881 252 1930 mareu
271 1878 376 1927 diaboli.
393 1878 419 1925 si
438 1890 493 1938 ergo
509 1889 568 1924 vere
583 1877 635 1935 jac·
659 1878 755 1924 ruinam
776 1879 836 1927 iecit
855 1880 971 1928 ebrietas.
992 1881 1058 1927 titos
1077 1880 1144 1926 eninr
1164 1879 1189 1925 in

124 1950 182 1996 erun
196 1947 345 1997 declinanda
371 1947 423 2005 est,
441 1946 534 2006 quanto
557 1947 634 2007 magis
658 1946 752 1994 crimen
771 1948 822 2008 egit
841 1948 962 2007 ebrictas3
974 1948 1021 1994 etsi
1032 1948 1085 2007 ipsa
1096 1948 1189 1994 crimen

124 2016 328 2066 matescense
336 2012 634 2074 iactareprererisil'er·
658 2015 1189 2077 sit‚atiosadegestatemredegit.i’ostremo

124 2085 239 2148 timmper
254 2086 293 2134 ast
311 2085 416 2145 laqueus
434 2083 544 2132 avaritias
560 2084 632 2144 atque
658 2084 715 2131 audi
727 2098 788 2145 quos
804 2087 914 2133 christus
932 2086 1065 2133 excludat:
1077 2088 1137 2134 Corn
1154 2090 1190 2135 in·

125 2156 252 2204 rutilianis.
276 2153 393 2203 ostendit
411 2152 437 2199 iu
453 2153 535 2200 monte
554 2153 632 2212 posito
658 2157 765 2212 traverit,
776 2155 871 2215 inquit,
880 2157 1191 2217 paterfamitins,ctctcose·

126 2226 185 2273 nm
200 2237 274 2286 regna
292 2223 361 2272 orbis
380 2224 450 2271 terrae
462 2221 489 2268 in
509 2224 632 2270 momento
656 2224 689 2270 rit
698 2226 782 2272 ostium
787 2225 1054 2284 ,incipietirforiastore
1065 2227 1087 2271 et
1095 2225 1188 2285 pulsare

126 2296 226 2354 tequea
237 2296 305 2341 Bene
321 2293 349 2338 in
359 2291 496 2349 momento,
508 2290 566 2351 quia
579 2291 633 2338 diu·
657 2293 741 2338 ostium
752 2293 849 2338 dicentes
861 2306 869 2337 ε
881 2293 953 2350 Aperi
962 2292 1037 2338 nobis.
1050 2293 1081 2337 Et
1092 2304 1187 2349 respon·

126 2363 178 2408 brna
186 2375 236 2411 csse
243 2360 384 2422 nequeunt.
394 2359 522 2407 Paululum
529 2363 632 2420 expecta
657 2362 710 2406 dens
720 2360 793 2404 dicct:
802 2359 883 2404 Nescio
895 2371 934 2404 eor
945 2359 1005 2403 ande
1014 2360 1066 2405 catis
1071 2389 1079 2413 ‚
1090 2358 1186 2402 recedite

126 2430 193 2477 etcito
201 2429 337 2479 transcunt.
350 2429 436 2488 itaque
445 2429 487 2488 qui
498 2429 632 2488 sequuntur
657 2443 673 2474 c
684 2442 720 2474 nse
731 2440 809 2473 omres
818 2428 919 2486 operarii
927 2428 1065 2484 iniquitatis.
1078 2427 1142 2470 Tenc
1154 2427 1188 2470 in-

126 2509 159 2555 ea,
171 2499 194 2546 iu
206 2491 353 2547 moute'sibi
372 2509 425 2559 esse
443 2497 560 2544 videntur
571 2511 577 2543 ε
589 2498 632 2544 sed
657 2498 743 2556 cipietis
750 2497 824 2542 dicere
835 2509 843 2541 r
855 2495 1046 2541 Manducaoimas
1057 2506 1135 2539 corum
1150 2495 1187 2549 tc,

127 2570 218 2615 metunt
235 2566 370 2628 perpetui,
386 2566 450 2613 sicut
465 2566 541 2613 babes
557 2567 633 2626 scrip-
657 2568 678 2611 ct
690 2564 1035 2623 bibimns‚cttnploteisnostria
1045 2563 1149 2608 docuisti.
1159 2563 1187 2608 nt

128 2636 184 2680 lun:
201 2638 252 2684 t'ida'
268 2636 371 2695 impiam
394 2635 592 2693 superexaltatum
611 2636 633 2680 ct
658 2629 1188 2690 nicetcoemiterioanteestisnudistiquio

129 2699 632 2764 rbmmupereearcsttbantmttransnt,
658 2701 689 2748 de
707 2700 911 2747 manducantibus
926 2698 1026 2746 dixerit.
1046 2698 1108 2745 toni
1120 2711 1187 2744 nunc

129 2771 240 2818 ‘lemnon
253 2772 316 2818 erat.
328 2768 378 2815 Sed
388 2767 433 2828 qul
446 2779 474 2814 ea
486 2767 586 2813 maximi
598 2766 633 2812 la·
658 2769 717 2828 quid
734 2769 765 2815 de
784 2768 953 2826 ieiunantibus
971 2767 1035 2815 dicat
1046 2780 1052 2811 :
1065 2769 1133 2814 Beati
1147 2768 1189 2826 pai

131 2837 159 2895 til,
170 2839 264 2886 adorare
282 2838 385 2886 videtur
403 2836 543 2894 diabolum,
563 2836 634 2892 cujus
657 2850 719 2883 nanc
729 2839 833 2884 esuriunt
841 2839 861 2882 ct
872 2838 964 2892 sitium,
976 2839 1031 2896 poia
1042 2834 1187 2882 saturabun-

131 2904 259 2956 deosculer
268 2909 322 2967 est,
337 2907 364 2954 et
376 2907 401 2952 in
412 2904 534 2964 pudendis
547 2904 632 2963 gloria.
659 2908 705 2952 tor.
717 2906 745 2951 Et
756 2906 832 2952 inira:
844 2907 886 2954 Vc·
895 2905 1004 2965 oebbpoi
1012 2905 1115 2954 saturati
1122 2905 1186 2959 ests,

130 2974 152 3021 lu
161 2979 235 3025 ratem
250 2978 277 3024 in
292 2978 345 3024 ileo
360 2975 464 3035 gloriam
479 2986 574 3033 quaere,
590 2974 633 3033 qui
659 2977 769 3036 quoniam
779 2975 890 3022 esnrictb.

130 3042 158 3090 tili
173 3047 220 3094 ait:
231 3049 361 3096 miscam
379 3047 456 3093 Deum
471 3046 536 3089 taum
547 3043 634 3090 odora-
690 3046 728 3092 l9.
743 3043 791 3090 Sed
805 3044 844 3090 vis
859 3042 1019 3102 manducare,
1038 3039 1186 3090 visbtberei

131 3110 187 3170 lise
198 3118 231 3164 aa
239 3119 284 3165 coti
297 3116 396 3170 emico,
408 3124 422 3158 a
432 3122 482 3171 quo
491 3111 581 3157 aeterna
592 3122 633 3157 ac·
658 3113 721 3160 veni
740 3113 770 3160 ad
788 3112 931 3160 convivium
946 3112 1073 3171 sapientie
1084 3122 1137 3170 quae
1149 3109 1188 3155 iu·

131 3181 251 3242 ‘iteam
263 3182 422 3244 temporalia.
659 3181 720 3229 vital
736 3193 820 3227 omnes
837 3193 893 3227 cunr
913 3191 997 3239 magna
1013 3178 1186 3239 praedicatione

152 3252 271 3301 ittam
281 3255 303 3300 si
313 3264 390 3313 quem
402 3251 478 3298 etiam
494 3248 540 3296 ista
551 3248 634 3296 delec-
659 3249 758 3296 dicens:
772 3250 853 3298 Venite
871 3251 892 3294 ct
910 3249 967 3293 edite
979 3260 1051 3305 panca
1069 3258 1132 3292 meos
1140 3276 1148 3300 ,
1164 3246 1187 3290 ct

130 3320 181 3378 leat,
195 3322 222 3368 ab
236 3336 265 3369 eo
283 3319 437 3369 moderatius
455 3320 572 3379 petantur
591 3319 633 3379 qui
660 3317 967 3377 bibitcoinmnqoodmbcui
976 3315 1048 3362 vebis.
1058 3312 1187 3358 Delectant

128 3394 302 3439 terraemotum
325 3391 380 3437 tons
397 3391 443 3436 est.
462 3390 523 3435 Nam
542 3389 634 3447 etipsa
660 3387 753 3435 cantica
779 3397 834 3442 quae
855 3383 995 3441 epulantem
1018 3377 1188 3427 demulceanti

126 3460 239 3513 becellaria
254 3472 311 3519 quae
326 3457 451 3518 possidere
472 3455 521 3503 sibi
536 3455 635 3503 videtur
659 3455 720 3501 iludi
729 3451 878 3509 hortantem,
888 3449 945 3495 audi
955 3449 1095 3496 cantantem
1102 3448 1188 3495 Eccle-

125 3524 228 3585 tamtus,
246 3527 328 3573 aliena
339 3524 410 3583 sant,
418 3523 482 3571 sicut
492 3523 544 3582 ipse
552 3522 633 3571 dixit:
659 3525 733 3582 siam,
744 3534 793 3569 non
804 3520 880 3566 solum
893 3518 919 3564 in
929 3517 1046 3577 canticis,
1057 3518 1100 3565 sed
1111 3517 1187 3567 etiarn

73 3632 76 3667 Ι
126 3594 167 3659 tibi
179 3597 235 3642 tubo
252 3597 389 3654 potestatem
404 3593 635 3640 boncaniccrsamet
661 3592 686 3638 in
697 3589 802 3638 canticis
810 3588 1188 3647 canticorurn:diondocctcpro-

73 3682 75 3711 ι
123 3665 206 3719 deicae
221 3679 315 3722 mm,
332 3662 456 3724 puiamtbi
467 3662 554 3708 tradito
571 3662 633 3707 seat.
659 3661 720 3708 cinti
734 3660 781 3706 mei
786 3661 827 3715 ,et
846 3658 921 3714 bibite,
935 3659 957 3703 ct
968 3656 1187 3716 inebriantem-1

73 3721 77 3805 t
126 3732 151 3776 ab
159 3745 186 3779 eo
195 3746 251 3793 crgo
261 3744 347 3792 spera,
356 3732 415 3778 licet
424 3729 509 3776 brevis
518 3729 576 3776 vitae
587 3741 635 3776 non
660 3732 705 3777 tres
714 3730 766 3775 mci.
774 3726 821 3772 Sed
833 3726 884 3772 baec
893 3724 1000 3772 ebrietas
1008 3723 1100 3771 sobrios
1111 3723 1186 3784 lacit,

125 3801 249 3860 silicinum
264 3801 381 3847 niaticrnn
397 3796 585 3858 requirendum:
597 3796 635 3842 ta·
660 3792 1186 3854 baecebrietasgratiaenontemulentiaeest.

125 3880 171 3914 neu
187 3870 216 3914 ab
226 3883 255 3916 eo
269 3881 338 3928 spera
352 3868 395 3927 qui
414 3867 556 3914 universam
567 3877 635 3912 crea·
661 3862 954 3921 Laetitiampeneratmon
964 3861 1127 3908 titubantiam.
1137 3861 1187 3906 Nec

127 3937 321 3994 tmmcmttttt,
332 3936 372 3995 qui
385 3935 522 3982 diaboloea
533 3934 562 3980 ad
574 3935 636 3980 lem-
662 3932 770 3978 verearis
790 3944 820 3977 ne
840 3930 865 3975 in
885 3929 998 3976 convivio
1015 3927 1126 3974 Ecclesiae
1146 3929 1188 3971 ent

127 4014 163 4056 pas.
173 4004 281 4062 tradidit,
291 4016 338 4049 non
357 4001 591 4062 utpossldeat‚.sed
609 4003 637 4047 ut
662 3999 724 4059 grati
743 3998 830 4044 odores
840 3997 901 4056 tibi,
919 3998 961 4043 aut
977 3995 1059 4042 dulces
1070 3993 1133 4049 cibi,
1145 3995 1188 4038 aut

129 4072 202 4117 amet.
213 4073 264 4118 b'on
279 4072 341 4118 enim
362 4073 459 4131 poterat
479 4081 567 4116 corona
585 4080 636 4116 esse
664 4066 754 4115 diversi
765 4067 850 4126 potus,
863 4067 904 4112 aut
920 4064 1030 4112 consiva·
1041 4062 1133 4110 nobiles
1144 4058 1188 4120 def
