2676 4800
124 352 171 402 5³⁶
530 345 845 398 SANCTIAUBROSH
932 350 936 355 “
964 347 969 357 ’
998 352 1002 365 ’

123 435 213 496 popule
227 432 345 495 seriptum
361 430 421 481 eata
438 432 615 493 lmpinpuetur,
630 443 651 479 er
676 443 750 479 earne
770 429 898 479 trumliitas
921 430 948 479 et
973 428 1144 482 diruetur:

123 504 203 552 uberes
213 505 302 564 tuctur,
312 505 335 551 et
350 503 461 550 dilatetru
476 504 524 558 ert,
537 504 559 549 et
569 503 652 549 datii-
677 501 832 560 humiliarit,
843 500 869 548 et
878 500 980 562 gloriam
991 502 1144 552 euluulari.

123 566 652 632 euitmmqulfeeiteum);etideosemnium
705 568 746 616 ll.
761 571 874 630 Denique
892 569 1043 630 quicumque
1054 569 1144 621 iam-

122 640 185 688 lilurl
192 639 360 688 redundantiae
370 637 493 686 secularia
503 636 652 697 perpetuum
678 638 820 699 tiebautur,
832 640 864 687 iil
873 639 964 700 Jesepb
974 639 1144 689 mittebantur

123 721 177 757 esee
194 721 243 757 uun
261 720 332 769 posse
344 721 351 754 z
363 706 415 755 tore
433 708 531 768 tempus
547 718 597 767 que
612 706 651 754 bia
677 712 733 755 sunt
752 709 806 767 isti,
824 708 874 757 uisi
888 709 920 756 de
934 709 1026 770 quibus
1039 709 1138 757 (lietu

122 776 433 826 ramesdurasuccederet.
633 810 636 816 ·
677 779 1144 840 convertenturaluerperesr,et!nrn

153 847 192 896 59.
211 848 260 896 lter
271 849 354 895 tamen
365 847 411 894 true
422 845 543 894 somnium
553 845 599 893 uui
609 844 652 892 aut
677 849 762 894 tieutur
774 851 800 896 ut
811 846 896 896 eam?
906 849 962 896 Erat
975 849 1059 896 autem
1067 847 1144 897 iani

122 917 219 964 duobus
244 915 437 964 demonstratum
462 915 587 972 arbitror,
609 913 652 960 sed
677 915 749 962 unius
765 915 827 974 loci,
843 916 886 964 sed
896 917 973 963 totius
982 916 1070 974 term
1083 908 1144 977 ιμἸ

123 986 237 1034 omnibus
254 985 417 1048 propositum
429 997 458 1031 ee
474 984 540 1043 qued
556 984 651 1043 septem
677 985 780 1044 eratqul
791 984 884 1033 taceret
894 985 1042 1033 benitatem.
1053 983 1144 1034 tilam

123 1056 181 1102 anni
194 1054 265 1102 istius
275 1054 367 1102 muudi
378 1054 494 1113 pingues,
504 1055 530 1101 et
540 1051 650 1100 seculari
676 1064 722 1101 nus
737 1054 807 1100 lesus
822 1053 918 1113 jejunia
933 1053 1058 1102 mundana
1073 1049 1144 1102 mad

123 1126 236 1174 ubertate
255 1124 345 1185 opimi,
363 1123 539 1170 absorbeantur
555 1123 586 1170 ab
602 1122 652 1168 iliis
676 1121 773 1180 aperuit
790 1122 879 1170 berrea
898 1134 964 1181 aaa,
986 1123 1014 1171 et
1032 1120 1144 1182 myrin

123 1195 220 1242 aurulis
229 1207 284 1254 qua
292 1192 374 1239 lutura
382 1190 453 1250 sunt,
466 1189 589 1249 inquibus
597 1202 652 1250 per-
676 1190 812 1238 coeleatium
831 1191 961 1239 tbeeaurea
981 1190 1089 1240 scimea
1102 1188 1144 1253 d

123 1264 198 1324 petua
208 1261 295 1323 quies,
306 1263 333 1309 et
342 1260 405 1321 leals
413 1259 568 1307 observantia
578 1259 652 1319 spiri·
676 1258 766 1320 tiaeque
780 1260 899 1320 patefecit
915 1260 1084 1320 abseeuditer3
1092 1259 1144 1308 ut!

125 1332 194 1392 talis,
204 1343 277 1392 quum
285 1330 398 1391 prmu
410 1329 454 1376 illa
463 1328 541 1376 tribua
551 1330 650 1387 patrum
676 1327 792 1377 alimenta
802 1327 924 1377 deessent
936 1328 1007 1376 bixir
1021 1329 1088 1376 euim
1098 1326 1144 1391 ῌ

123 1401 177 1450 Dee
195 1400 318 1448 fructuosa
338 1397 452 1447 emtedit.
473 1399 540 1444 Boua
559 1409 651 1457 raeea,
676 1399 711 1447 tia
722 1412 730 1445 ι
743 1399 838 1455 Venite,
855 1398 915 1447 ertu
926 1411 1000 1459 paura
1014 1410 1086 1446 m.
1099 1396 1144 1448 rit

123 1481 173 1516 ueu
188 1469 232 1516 llla
250 1479 365 1528 eerperee
380 1465 487 1514 distenta
503 1466 597 1525 ubere,
609 1465 652 1512 sed
677 1468 707 1514 ab
718 1479 748 1515 ao
762 1467 813 1514 sele
823 1465 915 1515 dieitur
926 1479 934 1513 a
944 1468 1061 1515 neuma·
1071 1468 1144 1529 Μ

123 1537 250 1586 abundans
261 1535 377 1597 spiritalis
386 1535 457 1583 laetls
469 1536 494 1583 et
503 1535 601 1593 paria,
612 1545 653 1582 su·
676 1539 698 1584 et
717 1536 776 1584 nibal
794 1535 855 1582 milri
873 1536 966 1594 deerit,
983 1534 1028 1595 qut
1048 1536 1144 1585 nunu

124 1617 170 1666 per
180 1605 250 1664 euius
259 1605 372 1653 decerem
380 1603 484 1652 cervicis
491 1603 557 1651 Deus
566 1603 652 1652 sedere
676 1605 781 1654 christe.
791 1604 895 1666 Aperuit
905 1617 963 1665 erpo
973 1605 1064 1653 berrea
1072 1604 1144 1655 ruat!

123 1686 153 1724 re
163 1674 238 1734 dieti,
249 1674 276 1723 ut
284 1675 402 1734 seriptum
410 1675 448 1721 est
459 1686 466 1720 r
478 1673 654 1734 Epiremvue-
678 1677 740 1735 tus‚.
748 1674 774 1722 et
787 1673 926 1733 vendebat,
941 1685 992 1721 uon
1010 1686 1062 1721 ara
1077 1684 1144 1734 peu

125 1757 155 1791 eu
171 1745 239 1793 decia
255 1745 348 1805 (litim
364 1745 496 1791 victorium.
512 1744 563 1803 Epo
574 1745 653 1790 ιιιιιιιιι
677 1744 721 1791 sed
728 1743 786 1791 tidei
796 1742 954 1804 pretium‚et
961 1742 1144 1807 develieulwq

125 1814 223 1861 tremui
232 1826 301 1874 euper
313 1814 417 1860 decerem
428 1814 520 1860 caeteta
530 1815 589 1868 eius.
601 1811 653 1858 Nou
678 1813 745 1859 dium
763 1824 883 1872 quereus
901 1811 1032 1859 Vendebat
1053 1812 1134 1861 inu·

126 1893 184 1941 ergo
203 1880 340 1942 impinguet
359 1880 431 1940 caput
444 1881 554 1927 uestrum
571 1881 654 1927 eleum
678 1880 1144 1941 paucisiulurlaeaasedrendebatefl

125 1951 274 2011 peccaturis,
292 1962 339 1998 nee
350 1948 405 1997 taisi
421 1947 514 1996 tructus
530 1948 654 1995 delectare
678 1953 705 1999 ut
720 1951 751 1999 ab
766 1951 889 1999 universis
902 1950 1046 1999 nationibus
1055 1950 1144 2001 mser

125 2031 171 2066 uee
186 2019 290 2079 debent,
307 2031 339 2066 ne
359 2018 455 2066 dicatur
473 2019 499 2066 et
513 2017 545 2064 de
563 2017 652 2064 nobis:
703 2017 743 2066 bb.
768 2022 800 2067 m
818 2032 897 2068 οιιιιιιι
919 2022 1026 2079 reuieuer
1048 2032 1144 2069 m

126 2089 261 2138 Semtuertir
268 2090 423 2150 impietatem,
433 2089 455 2135 et
463 2088 597 2146 iniquitates
604 2086 654 2145 ejur
677 2089 844 2149 AEpspiumeil
860 2088 945 2148 Jerrplr
961 2100 1052 2148 omem
1067 2086 1144 2137 ὠὴ

125 2158 292 2206 vindemiastis.
318 2158 465 2204 Maaeueerti
484 2156 586 2214 fructum
607 2155 654 2214 fel
678 2156 1008 2205 euimtamea.0mueeeuim
1016 2156 1144 2217 esurluttr

126 2240 192 2285 rum,
203 2228 260 2288 quie
270 2228 367 2287 rperurtl
382 2227 407 2271 ιἰι
422 2224 528 2272 mnibus
539 2226 593 2272 tuta.
604 2223 654 2271 Nec
678 2238 725 2273 neu
736 2226 832 2286 paverit
841 2225 959 2273 cbristus.
969 2226 1144 2287 Emamutem

126 2308 168 2343 me
178 2297 261 2344 moret
278 2295 343 2357 queit
358 2295 434 2342 babet
450 2295 528 2354 spicas
546 2305 654 2351 macras,
678 2297 774 2354 menta,
788 2294 980 2355 quibustamem
995 2294 1144 2354 pessimum

128 2364 238 2415 eluente
249 2366 387 2426 corruptam
400 2364 458 2425 quia
471 2367 496 2411 et
506 2362 585 2409 David
596 2364 654 2409 tunc
678 2366 738 2413 lere.
750 2367 825 2413 Nemo
836 2364 988 2424 pauperum
999 2365 1144 2413 suem

127 2433 468 2495 metiorerat‚quandestcut
476 2443 565 2479 aranea
575 2431 654 2479 tabes
678 2436 745 2482 tione
763 2434 907 2492 revocetur,
930 2444 1006 2480 nemo
1027 2433 1139 2481 serualur

128 2505 199 2552 rebat
211 2518 218 2550 ι
232 2505 257 2551 et
270 2503 371 2563 spiritus
386 2502 563 2551 contribulatus
581 2501 653 2547 sacri-
678 2506 804 2564 argentum
816 2516 864 2550 ιιοιι
875 2502 960 2551 babet.
971 2501 1144 2563 suaquarta

127 2572 212 2620 ficium
230 2571 275 2619 Del
297 2573 350 2630 est3
370 2571 396 2618 et
417 2570 454 2617 illi
476 2569 655 2628 praestantiores
677 2572 869 2632 insurgentem,
885 2571 930 2618 seil
947 2571 1023 2618 iidem
1038 2582 1144 2631 quaeret

128 2641 251 2698 evadunt,
266 2640 368 2699 questu
383 2639 429 2686 boe
441 2638 529 2685 sarculo
541 2638 655 2697 gravibus
677 2643 858 2703 pretiosiorem.
865 2642 977 2701 Denique
983 2641 1144 2689 emiteaml’d

128 2709 227 2766 injuriis
235 2709 335 2769 spiritus
346 2708 466 2767 malignus
478 2707 598 2753 exercuit.
678 2710 779 2769 quinon
794 2710 901 2757 babebat
911 2710 1048 2768 argeutum.
1063 2711 1144 2771 Μ

163 2776 202 2826 ee.
223 2779 295 2825 Unde
315 2779 392 2836 magis
413 2777 516 2836 mystica
536 2777 655 2824 meruisse
679 2779 771 2840 inquit,
783 2783 804 2827 et
815 2792 902 2826 eurum
912 2792 960 2825 ποιι
977 2778 1052 2826 babeo
1067 2793 1076 2826 r
1090 2779 1144 2838 reti

129 2848 229 2907 praemia
243 2847 333 2906 ioseph
350 2846 468 2906 arbitrer,
479 2847 537 2907 quia
548 2847 579 2894 de
591 2860 655 2907 mys·
678 2849 767 2907 liabeo,
778 2851 806 2895 de
824 2849 874 2895 tibi.
885 2851 913 2894 lu
932 2848 1027 2895 nemine
1045 2849 1099 2896 Jerrr
1115 2844 1144 2895 fl

129 2917 185 2963 titis
203 2919 241 2964 est
260 2917 362 2964 locutus.
383 2916 447 2975 Quid
465 2917 531 2964 enim
542 2917 591 2964 sibi
602 2918 653 2963 uult
677 2933 759 2977 serpe,
777 2921 799 2965 et
816 2918 920 2966 arabeta.
940 2917 969 2962 Et
988 2916 1105 2976 propbeta
1117 2913 1144 2961 fl

128 2986 234 3033 annulus
253 2987 328 3046 digito
350 2987 404 3045 eius
425 2987 545 3045 insertum,
561 2985 608 3033 nisi
629 2989 655 3032 ut
679 2987 738 3034 dicit
749 3002 756 3032 ε
769 2989 814 3049 Qui
824 2989 906 3043 sititis,
917 2987 947 3033 ite
963 2987 994 3033 ed
1005 2998 1103 3046 ιιᾳιιιιιιις
1115 2984 1144 3031 ἀι

129 3057 296 3116 intelligamus
313 3057 481 3117 pontificatum
492 3057 516 3103 ei
532 3056 589 3103 fidei
602 3069 655 3103 esse
678 3056 1144 3118 campactumtrebetieerpeutum‚itr,a

129 3124 249 3185 delatum,
263 3127 292 3174 ut
309 3127 368 3174 alios
388 3126 441 3187 ipse
456 3125 654 3185 signaretiQuirl
677 3131 699 3174 et
710 3126 792 3184 bibite,
810 3130 831 3174 rt
849 3127 988 3172 innaturale
999 3140 1008 3172 .·
1018 3125 1084 3172 emite
1096 3123 1138 3171 aiat

128 3197 204 3255 stota,
214 3211 269 3257 quae
286 3197 388 3244 amictus
398 3196 435 3245 est
453 3196 596 3255 sapientiae,
607 3197 655 3242 nisi
678 3200 745 3257 pente
755 3200 777 3245 et
784 3198 859 3257 pretio
869 3197 965 3252 υἰιιιιιιι,
976 3197 999 3241 et
1009 3194 1107 3254 adipem.
1115 3189 1144 3239 lle

128 3265 248 3314 tributum
257 3267 280 3313 ei
289 3267 320 3313 ab
329 3267 372 3313 ille
380 3278 437 3326 rege
445 3266 539 3313 coelesti
548 3264 655 3325 prudeu-
679 3265 745 3312 enim
768 3265 876 3324 pretium
893 3263 1008 3323 quaesivit
1026 3275 1040 3310 r
1057 3260 1134 3319 nobb,

128 3335 169 3383 uae
179 3336 358 3397 principatum?
366 3337 474 3395 'torques
482 3346 572 3381 aureus
583 3334 655 3381 intel·
678 3347 722 3395 pre
733 3332 939 3393 nubissauguiuis
950 3332 988 3380 sui
999 3332 1103 3392 pretium
1111 3326 1144 3378 rei

127 3404 220 3453 lectum
230 3404 319 3453 benum
330 3405 429 3453 ridetur
440 3405 589 3462 exprimere.
598 3404 656 3451 Cur·
678 3404 794 3464 quianon
810 3415 869 3450 auro
880 3403 906 3449 et
916 3402 1034 3462 argente,
1044 3398 1087 3447 seii
1095 3394 1144 3460 ped

127 3486 170 3520 rus
179 3487 275 3535 queque
286 3474 406 3532 signifieat
416 3472 540 3532 fastigium
550 3472 655 3521 sublime
679 3487 722 3520 nes
732 3473 838 3521 redemit
848 3472 974 3531 sanguine.
987 3472 1048 3531 Erro
1059 3470 1085 3519 ii
1095 3464 1144 3530 put

128 3545 281 3591 meritorum.
292 3545 351 3603 Quis
361 3547 443 3592 autem
454 3542 543 3602 estqui
555 3554 587 3588 ex
595 3555 655 3601 pen·
679 3542 754 3589 debes
764 3554 812 3601 quo
820 3543 901 3588 emtus
912 3553 953 3600 εις
962 3540 1020 3587 etei
1031 3539 1144 3587 tilerias

127 3613 195 3660 tibus
202 3613 298 3672 accepit
306 3612 461 3660 uxoremnisi
471 3611 512 3671 qui
520 3611 654 3659 Ecclesiam
678 3624 723 3671 per
732 3611 829 3670 exigat,
838 3611 865 3656 tu
876 3611 959 3656 tameu
970 3609 1055 3656 debes.
1064 3602 1144 3663 ΕΜ

129 3695 162 3730 ex
173 3681 313 3729 nationibus
323 3681 370 3728 sibi
381 3680 553 3742 congregavit,
565 3682 591 3728 et
602 3694 656 3729 sus·
679 3680 725 3727 tibi
733 3672 1144 3737 eirristumnoaeoquoupaueiiab

129 3751 195 3810 cepit
206 3763 237 3796 ex
247 3762 275 3797 aa
284 3750 362 3797 sitium
373 3752 513 3808 blanassen,
524 3762 654 3809 perquem
680 3749 722 3797 sed
734 3747 837 3807 eoquod
847 3759 933 3793 omnes
943 3745 1045 3794 babent.
1058 3745 1139 3792 omum

129 3818 462 3867 oblitusestemnesdelores
474 3831 600 3879 suesquos
611 3820 655 3865 ha-
679 3819 739 3865 bem
749 3830 793 3877 per
812 3819 940 3877 naturam,
958 3818 1031 3876 pauci
1047 3813 1142 3863 etlenut

129 3887 182 3934 buit
192 3887 223 3934 de
234 3888 367 3946 sacrilegiis
376 3887 531 3934 ludaeoruml
542 3889 655 3949 Suscepit
679 3888 800 3934 timerem.
819 3885 894 3932 Suum
910 3885 949 3932 est
956 3884 1046 3945 quoda
1061 3878 1144 3931 secut

129 3954 204 4000 aliurn
213 3967 308 4015 quoque
317 3954 394 4001 illium
402 3955 523 4013 Ephrem,
532 3968 577 4013 per
585 3956 655 4013 cuius
678 3955 793 4014 repescit.
816 3955 869 4014 lpse
890 3953 967 4000 vitam
988 3954 1100 4001 omnibus
1117 3949 1144 3998 tle

129 4023 264 4085 proiectum
290 4024 378 4074 claruit
405 4024 471 4085 qued
494 4027 608 4086 suscepta
628 4025 654 4074 iu
679 4024 730 4087 ipse
742 4022 909 4085 preeuntibus
917 4016 1144 4072 mertemsuamebt
