2676 4800
523 416 544 461 1t
558 416 710 462 PAUMNO
724 417 814 464 tint.
1161 412 1202 463 xv

132 496 294 568 vilanmagis
304 494 468 567 pecentoris
477 508 564 566 quam
575 497 703 551 mortem.
716 498 783 550 Nam
792 497 821 552 ot
833 495 885 566 tpsl
894 495 1041 566 poenltenti
1054 507 1108 550 non
1120 480 1201 552 sulli-

131 577 217 633 dtsnla
228 575 389 642 confessio,
407 575 464 630 nisi
483 575 671 644 subsequatur
687 575 845 646 emendatio
863 572 943 642 laoti;
956 580 988 632 ut
998 578 1136 646 poenitens
1148 592 1202 632 non

129 653 194 714 nent
206 655 394 726 poenitenda,
407 654 540 710 humiliet
557 654 642 708 etiam
652 655 774 709 animam
785 668 879 719 suam,
892 656 964 711 sient
976 657 1063 710 David
1075 659 1201 722 sanctus,

128 736 164 804 qui
173 741 324 808 postquam
337 733 448 801 audiuit
460 748 476 788 a
487 733 622 802 propbeta
636 747 643 786 :
656 734 816 789 binntssnm
828 738 870 790 est
876 738 1027 803 peccatum
1040 739 1138 801 tuatm;
1150 737 1203 791 bu-

127 815 308 871 uiliorfaetus
326 816 374 871 est
392 814 422 868 in
440 812 634 869 emendatione
650 814 771 880 peccati,
786 813 822 867 ita
835 817 865 868 ut
883 814 1006 869 cinerem
1019 814 1091 870 sicut
1103 830 1202 884 panem

126 896 356 962 madaurenses
367 895 467 964 potum
476 905 560 946 suum
570 903 634 946 cum
648 890 716 945 ltetn
727 892 866 946 miseeret.

154 977 193 1031 U).
201 977 305 1031 flebat
315 975 406 1029 etiam
418 970 588 1027 amarissime
597 970 826 1040 quotiescumque
839 969 910 1026 sorte
922 971 1079 1026 nuntiatum
1092 970 1129 1025 illi
1142 971 1204 1028 tue·

125 1054 201 1110 ratde
210 1054 421 1122 cuiuscumque
432 1050 520 1105 sancti
529 1048 606 1102 obitu
615 1048 780 1113 sacerdotis,
794 1049 940 1103 intantum
949 1053 980 1104 ut
991 1066 1039 1104 nos
1051 1051 1129 1104 illum
1139 1065 1205 1104 con·

125 1135 198 1190 solui
209 1135 388 1194 niteremur,
402 1129 560 1199 ignorantes
571 1128 647 1195 pium
664 1126 797 1181 allectum
816 1127 885 1191 viri,
903 1143 955 1182 nec
970 1143 1025 1197 qua
1042 1129 1148 1182 ratione
1166 1130 1204 1182 ita
1286 1157 1290 1165 ·

126 1211 407 1282 lesmtdbgentes.
421 1209 527 1276 Quibus
539 1206 584 1261 ille
594 1205 750 1275 hujusmodi
764 1219 928 1273 responsum
937 1206 1070 1260 reddebat
1084 1221 1091 1259 :
1104 1208 1162 1260 lton
1174 1221 1205 1261 sc

128 1293 206 1359 bae,
216 1295 281 1364 quia
292 1290 469 1354 recesserat,
481 1287 530 1358 qni
539 1286 630 1342 fuerat
641 1289 766 1340 mortuus
778 1287 921 1340 nuntiatus
932 1301 939 1338 :
950 1286 999 1340 sed
1009 1286 1075 1356 quia
1088 1300 1205 1355 praeces-

127 1376 214 1438 serat,
230 1373 273 1428 vel
286 1371 357 1442 qnia
378 1366 491 1423 difficile
509 1368 581 1421 esset
596 1365 722 1421 invenire
739 1365 846 1429 virum,
865 1365 913 1434 qui
928 1379 1035 1419 summo
1051 1364 1205 1419 sacerdotio

126 1452 221 1523 dignus
237 1453 400 1506 baberetur.
419 1450 479 1517 lpse
492 1449 585 1501 autem
597 1444 692 1501 desua
703 1447 792 1498 morte
810 1446 874 1497 ante
885 1443 1014 1512 praedixit
1026 1443 1101 1513 quod
1114 1458 1202 1513 usque

127 1531 158 1585 ad
165 1532 264 1602 paseba
275 1531 424 1584 nobiscum
433 1525 544 1580 tuturus
559 1526 631 1578 esset
643 1538 650 1577 :
663 1523 737 1594 quod
749 1523 863 1593 quidem
874 1522 978 1577 meruit
993 1522 1141 1576 Dominum
1151 1523 1204 1576 ob-

128 1610 269 1675 secrando,
278 1623 338 1679 quo
350 1606 486 1660 maturius
496 1604 561 1658 hinc
572 1603 749 1657 liberaretur.

155 1692 198 1744 tl.
217 1686 422 1758 ingemiscebat
445 1683 520 1738 enim
536 1681 717 1736 vehementer
733 1693 798 1734 cum
814 1679 922 1735 rideret
940 1679 1061 1734 radicem
1081 1677 1203 1732 omnium

128 1770 257 1823 matorum
266 1765 413 1822 avaritiam
424 1763 576 1832 pullulare,
587 1773 650 1829 quae
662 1774 752 1829 neque
764 1760 843 1827 copia
855 1774 946 1828 neque
957 1758 1048 1827 inopia
1056 1756 1143 1810 minui
1156 1771 1206 1825 po-

129 1850 191 1912 test,
203 1847 292 1921 magis
303 1844 450 1914 magisque
465 1840 620 1894 increscere
632 1837 659 1891 tn
674 1838 845 1902 bominibus,
858 1840 887 1892 ct
902 1838 1021 1891 maxime
1033 1836 1061 1889 in
1075 1836 1107 1889 iis
1116 1836 1165 1905 qui
1176 1837 1204 1888 in

128 1927 305 1996 potestatibus
312 1925 393 1978 erant
401 1918 543 1976 constituti
550 1934 559 1984 ;
572 1918 610 1971 ita
622 1920 653 1971 ut
662 1916 910 1972 interveniendiilli
921 1917 994 1985 apud
1004 1916 1063 1968 illos
1072 1916 1204 1985 gravini-

130 2005 267 2060 mmlabor
275 2004 365 2067 esset,
378 2000 443 2071 quia
451 1997 543 2052 omnia
552 1995 641 2065 pretio
649 1996 882 2049 distrahebantur.
894 1997 961 2062 Quae
973 2009 1018 2048 res
1027 1994 1115 2063 primo
1124 2007 1205 2048 omne

130 2085 224 2140 malum
235 2082 344 2138 invexit
357 2080 457 2144 ltaliae,
469 2079 498 2133 et
508 2076 608 2132 exinde
619 2076 711 2129 omnia
724 2077 878 2144 verguntur
890 2073 918 2127 in
930 2073 1018 2143 pejus.
1032 2073 1143 2143 thuid
1158 2073 1204 2127 di-

129 2163 233 2229 oem,si
246 2163 275 2216 in
287 2158 446 2229 huiusmodi
455 2155 578 2226 personis
591 2153 629 2209 ita
641 2154 747 2208 rabiem
758 2166 838 2206 suam
854 2154 981 2218 exercet,
994 2151 1042 2223 qui
1058 2153 1146 2205 solent
1157 2155 1205 2206 aut

130 2240 241 2297 iliorum
251 2242 301 2296 ant
313 2238 531 2308 propinquorum
544 2248 640 2288 causas
651 2231 844 2301 pretendere:
859 2227 905 2285 Ad
917 2227 1100 2287 excusandos
1114 2245 1204 2284 eren-

131 2325 249 2378 sntiones
265 2323 299 2375 tn
308 2318 453 2389 percnum
468 2313 693 2386 quandoquidem
711 2313 858 2380 pterosque
871 2311 978 2380 ceperit
990 2311 1074 2365 etiam
1092 2310 1206 2364 emtibes

130 2402 279 2456 sacerdotes
290 2399 337 2454 rel
350 2397 464 2460 levitas,
477 2394 578 2464 quibus
588 2393 678 2462 portio
691 2395 765 2445 Deus
777 2393 835 2452 est,
854 2392 885 2442 ut
896 2390 981 2443 etiam
998 2389 1050 2455 ipsi
1067 2388 1141 2439 illam
1154 2404 1205 2456 ap-

132 2483 237 2549 perante
249 2482 280 2534 lit
291 2493 336 2533 rae
347 2476 425 2530 nobis
440 2473 561 2528 miseris!
574 2472 643 2543 qnia
655 2485 707 2524 nec
719 2468 774 2521 sine
786 2467 881 2519 ineundi
898 2478 1094 2534 provocamur,
1109 2467 1139 2518 ut
1149 2469 1206 2518 tam

132 2560 203 2628 pravi
214 2562 281 2628 iugo
298 2554 443 2611 servitutis
465 2551 576 2607 liberari
593 2550 727 2612 velimus,
746 2546 820 2617 quod
837 2545 973 2614 demergit
991 2544 1025 2598 ad
1039 2542 1206 2612 protundum

133 2637 242 2703 interni;
256 2640 287 2691 ut
302 2635 437 2690 faciamus
447 2633 525 2686 nobis
534 2631 643 2684 amieos
653 2624 686 2681 de
699 2629 801 2695 iniquo
811 2637 996 2688 mammona,
1010 2625 1061 2693 qui
1071 2637 1123 2678 nos
1134 2625 1207 2678 reci-

131 2720 207 2784 piunt
222 2720 255 2771 in
271 2719 383 2770 eterno
395 2710 731 2767 adornamentorum
744 2708 841 2760 beatus
851 2705 897 2759 ille
907 2704 955 2774 qni
965 2703 1130 2774 quandoque
1142 2717 1208 2755 eon·

133 2811 237 2861 uersus,
247 2794 368 2862 diruptis
378 2791 511 2851 vinculis,
525 2790 609 2858 atque
620 2788 742 2857 proJeeto
752 2786 819 2855 jugo
829 2784 985 2853 hujusmodi
997 2781 1206 2844 dominationis,

135 2876 249 2938 tenebit,
259 2879 286 2929 et
294 2868 395 2927 allidet
403 2869 538 2939 parrulos
548 2870 611 2936 ejus
620 2863 659 2920 od
667 2868 797 2934 petram,
808 2864 927 2927 horest,
939 2876 1033 2915 omnes
1044 2860 1208 2932 intentiones

133 2955 188 3021 ejus
197 2954 291 3008 allidet
302 2951 337 3006 ad
348 2950 500 3012 Christum,
512 2948 561 3017 qui
570 2943 723 3000 secundum
736 2944 897 3011 Apostolum
910 2944 987 3009 petra
1001 2942 1042 2994 est
1052 2977 1061 3005 ,
1073 2954 1136 3008 qnae
1148 2953 1208 2992 om-

137 3048 181 3087 nes
194 3033 228 3088 ad
239 3047 269 3087 se
279 3032 371 3086 allisos
382 3027 533 3092 interimit,
545 3026 603 3094 ipsa
617 3023 780 3077 inviolabilis
799 3035 927 3084 manens,
941 3033 992 3072 nee
1007 3032 1087 3072 reum
1105 3016 1208 3071 taciens

136 3127 214 3176 eum,
225 3113 274 3182 qui
285 3111 322 3166 ad
331 3125 362 3165 se
374 3108 490 3164 alliserit
506 3104 668 3175 nequissimi
684 3102 756 3157 uteri
769 3100 921 3156 deteriores
933 3101 1045 3167 partus,
1062 3096 1110 3150 sed
1123 3097 1206 3166 inno·

138 3197 258 3257 oentem3
269 3193 308 3245 ita
322 3193 353 3245 nt
364 3200 480 3245 suenrus
492 3186 576 3255 possit
587 3184 680 3239 dicere
694 3197 701 3235 :
714 3183 812 3235 Portio
827 3193 895 3232 mea
909 3179 1060 3231 Dominus.
1080 3175 1150 3242 Quia
1161 3173 1207 3226 cui

139 3271 207 3324 nibil
223 3269 252 3323 in
265 3271 368 3324 seculo
383 3269 442 3331 est,
461 3266 502 3320 illi
516 3279 580 3319 vere
597 3263 687 3332 portio
702 3264 744 3316 est
762 3259 886 3313 cbristus
899 3271 906 3309 ε
920 3258 952 3309 nt
967 3256 1015 3324 qni
1033 3251 1210 3306 contemserit

139 3363 236 3417 parva,
248 3350 332 3403 multa
343 3345 494 3417 percipiet,
507 3342 620 3411 insuper
631 3343 659 3395 et
670 3340 755 3394 vitam
767 3340 900 3391 aeternam
910 3330 1070 3401 possidebit.

168 3433 211 3486 tl.
221 3432 292 3484 Ante
303 3442 406 3498 paucos
418 3439 482 3480 vero
497 3423 555 3478 dies
570 3434 654 3492 quam
666 3419 766 3474 lectulo
776 3415 964 3476 detineretur,
977 3425 1041 3464 cnm
1057 3408 1212 3480 quadrage·

138 3512 235 3566 simum
247 3510 360 3565 tertium
370 3507 507 3576 psalmum
518 3503 651 3565 dictaret,
669 3513 715 3553 me
726 3500 755 3552 et
766 3493 923 3561 excipiente
935 3493 963 3545 et
979 3490 1107 3552 vidente,
1120 3489 1212 3543 subito

141 3591 164 3644 in
181 3589 293 3644 modum
307 3587 379 3642 scuti
391 3583 483 3641 brevis
494 3583 567 3652 ignis
578 3580 662 3649 caput
673 3581 733 3648 ejus
750 3572 910 3643 cooperuit,
923 3575 1006 3641 atque
1018 3567 1150 3638 paulatim
1162 3580 1213 3634 per

140 3685 167 3722 os
178 3670 264 3739 ipsius
277 3671 418 3736 nmquam
431 3664 459 3718 in
475 3661 588 3716 domum
599 3658 735 3713 habitator
747 3657 886 3724 ingressus
898 3652 941 3705 est
954 3667 961 3702 ι
976 3651 1036 3718 post
1051 3645 1124 3715 quod
1140 3643 1211 3699 tacta

140 3754 177 3802 est
186 3745 341 3813 taciesejm
354 3745 428 3799 velut
444 3741 508 3805 nix,
520 3743 549 3795 et
563 3741 658 3808 postea
673 3749 801 3791 reversus
811 3734 853 3787 cst
868 3731 961 3784 vultus
973 3729 1032 3798 ejus
1044 3726 1079 3780 ad
1091 3721 1211 3794 speciem

141 3842 223 3882 mam
235 3825 316 3895 Quod
326 3838 388 3878 cum
403 3822 501 3884 fieret,
513 3822 626 3888 stupore
638 3817 782 3885 perculsus
794 3809 920 3880 obrigui,
938 3822 989 3862 nec
1002 3807 1079 3876 potui
1091 3805 1212 3858 scribere

141 3923 198 3978 que
209 3907 245 3961 ab
256 3903 498 3963 meditabantur,
513 3898 566 3952 nisi
582 3900 760 3966 posteaquam
777 3892 847 3953 visio
864 3890 922 3959 ipsa
944 3885 1086 3948 transivit3
1105 3883 1214 3937 dicebat

142 3987 209 4041 euim
225 3985 253 4040 in
264 3998 300 4040 eo
311 3986 433 4053 tempore
452 3977 643 4034 testimoninm
657 3975 803 4042 scripturae
819 3971 936 4032 divinae,
954 3964 1027 4036 qnod
1042 3976 1094 4033 ego
1111 3962 1214 4029 optime

143 4067 300 4124 retinebam.
317 4067 382 4121 Nam
392 4056 537 4120 scribendi
549 4056 592 4112 vel
605 4054 727 4110 dictandi
745 4053 805 4122 ipso
821 4049 866 4105 die
882 4046 965 4102 tinem
983 4044 1065 4109 lecit3
1077 4040 1215 4114 siqnidem
