2676 4800
134 428 180 476 lsi
524 428 661 476 'sineri
679 429 848 474 Aerenosii

130 511 246 560 Neeillud
256 511 477 571 obscururu,quod
487 512 660 572 reptiliaque·
686 511 725 570 qis
734 523 808 571 quam
819 510 958 559 carnalibus
973 511 1055 572 epulis
1072 514 1115 561 nti
1128 513 1214 562 debes·

130 581 187 627 dam
202 580 332 628 lethalium
349 581 480 641 quamdam
494 581 588 628 babent
604 592 661 639 spe-
686 593 758 628 mus:
771 592 816 639 eqo
830 582 913 628 autem
931 581 1040 629 libenter
1055 582 1096 630 lris
1106 584 1215 645 acquies-

130 651 196 698 clom
215 650 368 710 passionum,
389 651 513 711 aquibus
534 649 660 698 venenum
687 651 819 709 terem,nt
827 650 913 710 generi
922 649 1050 697 hominum
1058 651 1215 712 adparaimo·

130 719 253 780 quoddam
269 719 347 767 ruenti
367 719 466 767 videtur
480 719 587 767 infundi.
604 720 661 765 om-
688 720 754 765 uiam
773 720 850 780 magis
868 721 895 768 et
912 721 1105 780 temperantiam
1123 723 1218 770 olerum

23 811 28 817 ·
130 789 660 849 nibusergobisimperatJustusquibusuon
685 799 745 835 usus
759 789 922 849 inolesceret3
938 791 987 837 nisi
1005 790 1163 839 rideremab
1181 791 1218 839 ils

130 860 303 907 commiscetur
317 872 323 906 ε
336 858 380 906 sed
391 860 489 906 coercet
499 871 542 917 ea,
556 859 576 906 si
591 871 661 905 mens
686 856 728 916 qul
746 869 795 904 non
813 858 921 906 libenter
934 859 1076 919 ascipiunt,
1092 872 1165 920 posse
1179 872 1217 908 re-

130 925 185 984 ojus
200 939 249 974 non
263 926 445 987 delectatione,
459 940 509 975 non
524 927 660 987 cupiditate
686 925 745 973 terri
763 927 825 974 milri
841 927 961 987 quianon
973 929 1056 976 omnia
1072 931 1141 977 olera
1158 940 1221 977 esca

129 996 247 1056 ducatur,
262 1009 313 1045 non
325 997 439 1056 tristitia,
453 999 480 1045 et
490 999 578 1045 timore
594 998 661 1044 tran·
686 994 813 1043 bominum
824 997 983 1045 inveniantur
993 999 1159 1046 accommoda.
1172 999 1219 1048 lie·

128 1066 213 1126 gutum
223 1078 272 1112 non
284 1066 360 1113 etiam
367 1066 467 1113 luxuria
477 1066 550 1126 atque
563 1066 661 1114 deliciis
686 1064 743 1112 inde
763 1067 821 1125 qnia
840 1079 890 1113 non
907 1079 980 1114 omne
996 1067 1126 1114 bominum
1144 1079 1219 1127 um

128 1136 254 1194 tamquam
275 1135 397 1182 lubricum
416 1136 442 1182 et
462 1135 582 1184 caducum
602 1136 660 1183 vitas
686 1134 813 1193 sapientie
832 1136 857 1183 et
875 1137 1131 1184 rontinentieamore
1150 1136 1217 1185 duel·

128 1205 204 1263 hujus
214 1206 269 1264 apat
284 1218 399 1264 cursum,
415 1205 459 1252 sed
469 1206 622 1253 coutinentia
633 1205 660 1251 et
686 1205 740 1263 tur,
757 1206 785 1251 ui
803 1204 983 1252 continentiam
1000 1206 1069 1264 sequi
1089 1206 1178 1266 possit
1188 1207 1218 1255 na

128 1274 293 1332 temperantia
301 1274 406 1334 abigata
417 1286 443 1321 se
452 1275 491 1322 air
500 1275 599 1334 sapiens
613 1274 661 1321 bu·
687 1271 742 1319 ideo
752 1273 817 1332 quod
832 1274 948 1333 generale
959 1275 1113 1334 preceptum
1125 1275 1178 1333 est,
1187 1271 1219 1323 ad

127 1341 236 1403 jusmodi
244 1344 377 1402 passiones.
686 1343 866 1400 portiunculam
875 1356 1007 1403 paucorum
1017 1344 1148 1391 bominum
1155 1344 1218 1393 derl-

158 1410 198 1458 aa.
212 1411 260 1458 Sed
270 1412 328 1471 quia
338 1410 449 1458 subdidit
459 1411 543 1459 statim
554 1423 562 1457 ε
574 1412 660 1459 moin
686 1422 744 1457 rare
756 1424 804 1458 non
815 1424 959 1472 possumus,
969 1413 1084 1460 omnibus
1094 1413 1166 1461 enim
1175 1413 1218 1461 bo·

127 1480 220 1540 reptilia
230 1493 282 1539 qaoe
291 1482 346 1528 sunt
355 1482 408 1527 oica
414 1511 422 1536 ,
434 1483 502 1527 mat
513 1481 577 1527 nobb
588 1483 612 1527 in
623 1495 659 1529 es·
685 1479 793 1527 minibus
804 1481 850 1527 hoe
862 1482 1012 1540 preceptum
1022 1480 1104 1528 datur.

127 1562 197 1608 com3
212 1560 245 1595 ne
262 1548 324 1596 lorte
335 1550 361 1596 te
377 1550 477 1596 moveat
487 1549 545 1608 quia
556 1550 613 1596 ante
628 1550 658 1597 de
714 1547 754 1596 90.
765 1548 872 1609 ideoque
882 1551 1065 1598 consideremus
1074 1549 1136 1610 quid
1146 1550 1218 1599 dixe·

127 1618 260 1678 reptilibus
268 1617 378 1665 diximus
388 1618 528 1677 venenatis,
541 1631 659 1678 cognosce
685 1617 717 1666 rii
736 1630 744 1664 z
764 1621 829 1667 sicot
849 1620 928 1675 oleru,
945 1619 1040 1680 inquit,
1058 1619 1142 1679 potasti
1168 1619 1217 1668 dedi

127 1686 177 1732 alia
193 1699 246 1734 esse
262 1686 362 1747 reptilia
379 1689 514 1746 venenata,
528 1688 576 1735 alla
591 1699 660 1734 man·
684 1687 748 1735 vobis
756 1690 907 1742 omuin,non
916 1689 982 1735 olera
990 1688 1139 1736 omniadedi
1147 1689 1220 1738 vobis

128 1757 210 1803 sueta.
226 1756 263 1802 be
278 1756 415 1804 mansuetis
433 1756 509 1816 igitur
528 1756 659 1815 reptilibus
684 1756 715 1802 ad
734 1768 824 1804 escam.
835 1757 940 1804 Utuntur
957 1756 1033 1816 igitur
1051 1756 1095 1816 qui
1114 1757 1217 1806 utuntur

128 1825 228 1884 accipe,
241 1839 296 1885 quas
311 1826 359 1873 etsi
372 1839 421 1873 uon
437 1825 518 1873 omnia
531 1828 621 1874 ventre
633 1831 658 1878 et
684 1837 772 1884 earne,
783 1826 909 1885 tamquam
920 1825 1044 1884 oloribus,
1056 1837 1105 1872 uon
1121 1826 1153 1873 ad
1168 1825 1216 1874 uo·

127 1895 227 1952 pectore
238 1896 329 1954 repunt
343 1894 408 1942 sicut
419 1895 529 1956 colubri,
541 1897 590 1943 tam
603 1897 659 1943 exi-
684 1892 836 1951 tentionem,
853 1905 899 1939 ¹¹⁰⁰
916 1891 947 1939 ³⁴³
965 1893 1079 1940 ‘illim
1093 1892 1219 1953 corporis,

126 1974 187 2021 quos
204 1964 287 2010 tamen
302 1961 377 2022 pedes
395 1962 503 2021 babent,
523 1964 552 2010 ut
570 1975 658 2024 repere
683 1973 757 2019 qnam
780 1962 860 2020 opulas
879 1962 960 2009 earnis
979 1961 1061 2009 iacere
1081 1972 1218 2010 consuere-

126 2031 205 2091 mapis
214 2043 288 2091 qnam
303 2031 428 2079 ambulare
443 2031 586 2079 rideantur.
597 2035 658 2093 Ergo
684 2031 750 2078 runt.
762 2030 810 2078 Sed
821 2031 1027 2090 quemadmodum
1039 2032 1065 2079 et
1082 2032 1152 2079 olera
1168 2043 1216 2079 non

126 2102 304 2148 venenatorum
311 2101 440 2160 reptilium
446 2101 542 2148 similes
552 2101 659 2149 immun·
684 2099 765 2146 omnia
779 2099 811 2147 ad
829 2112 892 2148 escas
908 2113 981 2147 usum
992 2099 1085 2147 babilis
1099 2102 1171 2160 sunt,
1182 2100 1216 2148 ita

126 2167 170 2215 das
185 2168 212 2214 in
224 2181 324 2228 corpore
341 2169 426 2229 accipe
439 2169 579 2229 passiones,
590 2182 658 2218 man·
684 2167 759 2215 etiarn
770 2180 820 2215 non
831 2180 904 2216 omne
920 2170 1006 2217 vivum
1017 2169 1109 2228 reptile
1120 2181 1217 2217 accom-

126 2237 252 2286 suetorum
266 2240 349 2286 autem
364 2238 475 2286 decoras.
490 2238 574 2286 Omnis
590 2241 657 2287 enirn
683 2237 782 2284 modum
797 2237 828 2284 ad
846 2251 918 2285 usum
939 2236 1067 2297 epulandi.
1086 2237 1215 2297 Siquidem

125 2307 227 2355 allectus
237 2307 280 2367 qui
296 2309 334 2356 est
344 2309 435 2368 praeter
446 2307 564 2356 deformis
576 2308 658 2356 delec-
683 2305 714 2352 ab
724 2306 837 2353 omnibus
856 2308 985 2354 venenatis
994 2306 1121 2354 abstinere
1138 2307 1215 2354 debe-

125 2376 226 2424 tatiouis
236 2378 390 2436 illecebram,
401 2377 483 2438 passio
490 2377 593 2438 quidem
603 2380 656 2436 est,
683 2376 817 2433 mus31iret
825 2375 874 2423 buc
881 2388 978 2436 quoque
986 2375 1136 2435 processerit
1144 2376 1217 2425 luxu·

125 2443 169 2491 sod
185 2444 248 2492 bona
261 2447 353 2506 passio.
367 2446 494 2507 Cupiditas
509 2446 621 2505 mollior,
632 2450 658 2493 et
683 2444 846 2504 ria,utmaqis
854 2445 1014 2492 delectationi
1022 2444 1216 2505 consulatquam

125 2513 176 2572 ira,
193 2514 219 2561 ot
237 2514 325 2575 timor,
341 2516 381 2563 bas
395 2514 477 2562 noxiae
493 2513 582 2561 animas
603 2528 659 2575 pas-
682 2514 807 2574 periculo,
819 2515 845 2561 et
858 2515 884 2560 in
901 2514 1027 2573 plerisque
1043 2517 1140 2561 resecto
1150 2514 1218 2575 qnod

125 2580 207 2629 siones
227 2583 284 2630 sumt
301 2584 423 2630 :allectus
442 2583 527 2629 autem
547 2582 657 2640 innoxii,
683 2582 773 2630 dicitur
789 2586 940 2630 venenatum
956 2582 1105 2629 naturaliter
1116 2584 1215 2642 inesse,

125 2650 430 2708 passiouosbonassuntdit
438 2651 477 2696 his
486 2650 588 2697 vivendi
599 2651 658 2708 qui·
683 2652 803 2711 reliquam
823 2653 919 2711 partem
937 2651 969 2698 ad
987 2651 1070 2699 cibum
1089 2652 1218 2712 vindicata

125 2717 182 2763 dam
198 2719 269 2764 uobis
279 2731 337 2765 usus
350 2718 554 2773 ministratur‚ot
565 2730 656 2765 causa:
682 2733 737 2778 quaa
756 2721 802 2768 etsi
820 2733 869 2767 uon
888 2721 963 2780 plena
988 2719 1109 2780 periculi,
1130 2722 1216 2770 tamon

126 2783 212 2832 harum
232 2784 286 2832 cibo
302 2787 397 2832 utimur
416 2785 447 2831 ad
464 2786 522 2831 vitm
540 2784 657 2846 qratiam,
683 2787 763 2834 vicina
772 2788 882 2847 periculo
892 2790 1125 2847 csl,eicorruptela
1133 2791 1215 2850 aliqua

126 2853 215 2902 barum
226 2854 306 2914 epulis
316 2854 478 2902 delectamur.
683 2866 781 2903 necesse
793 2858 867 2904 estin
878 2857 954 2903 totius
972 2869 1073 2903 succum
1086 2869 1114 2904 se
1133 2857 1217 2905 earnis

683 2923 811 2972 infuderit.
819 2926 935 2986 Plerique
944 2926 1020 2972 otiam
1031 2925 1128 2985 sagittis
1138 2937 1217 2974 reue-

684 2994 746 3040 uutis
764 2995 907 3052 transigunt
927 3005 1012 3040 cervos
1030 2995 1056 3039 ct
1073 2992 1215 3051 huiusmodi

269 3080 395 3134 CAPUT
413 3083 508 3135 xxv·
684 3062 777 3107 velocia
788 3061 904 3107 animalia
916 3063 941 3108 et
952 3063 1035 3120 postea
1046 3062 1142 3108 resecta
1152 3073 1218 3121 qua·

683 3128 738 3175 dam
756 3132 825 3190 parte
844 3130 1025 3189 membrorum,
1042 3130 1139 3190 reliquo
1157 3143 1216 3179 con·

128 3203 163 3243 An
178 3201 272 3240 oleribus
290 3202 357 3250 manis
371 3214 437 3252 quam
451 3205 554 3244 carnibus
570 3214 657 3243 vamu-
682 3199 872 3258 poretidcibulll
883 3200 996 3246 utuntur.

150 3256 203 3296 ‘¹⁸¹⁰
215 3257 320 3322 pominus
330 3260 469 3322 mmm?
479 3264 499 3297 ⁶¹
512 3259 658 3307 quamnim·
711 3268 750 3315 iil.
762 3268 832 3327 Quod
849 3269 932 3315 autem
943 3268 973 3315 ad
985 3267 1097 3315 altiorem
1113 3280 1216 3317 sensnm

149 3312 203 3350 dum
211 3321 248 3349 nos
257 3317 362 3350 munrerrt
376 3313 455 3362 Moyses
467 3317 542 3352 contra
549 3313 658 3360 opiniones

148 3366 435 3418 pbilosophornmdarulma
444 3378 541 3416 quorum
550 3369 658 3416 variapla-
681 3336 803 3397 pertinen
815 3338 861 3418 h·⁰⁰
878 3339 928 3417 ‘2⁵1’
941 3337 1005 3416 ”2⁴¹⁰
1024 3338 1101 3417 magi?
1118 3338 1214 3419 (ἥψω

148 3423 189 3460 cita
198 3422 396 3460 reserunturritem
405 3434 448 3470 qua
457 3423 540 3460 ratione
548 3422 572 3459 sit
583 3421 658 3459 distin·
682 3409 719 3454 &Si
741 3406 806 3467 quoii
824 3407 1006 3455 lrriltlonablles
1032 3420 1159 3466 passiones
1177 3410 1212 3456 tit

147 3475 259 3524 quendum
271 3477 329 3513 inser
343 3478 421 3514 *⁰¹⁰¹ae
435 3482 518 3525 priam
531 3477 656 3513 r²¹i0⁰²¹0m
682 3477 787 3524 debeant
798 3477 877 3523 menti
889 3477 1022 3536 sapientis,
1034 3477 1062 3522 ut
1073 3476 1140 3523 olera
1156 3489 1212 3526 m

148 3529 320 3621 affinium
338 3529 417 3576 quidve
432 3531 505 3567 ’Μ’
519 3528 611 3609 anquis
620 3528 657 3566 ὦ·
681 3548 730 3593 tito
739 3558 791 3593 esse
800 3546 924 3604 subjecta3
933 3547 1006 3606 atique
1018 3547 1053 3592 ita
1064 3546 1102 3593 bis
1113 3548 1214 3595 utamur

681 3616 802 3674 tamquam
818 3616 951 3675 reptilibus
966 3614 1172 3675 cogitationibus,
1183 3616 1214 3665 nl

64 3669 70 3685 '
155 3680 196 3729 89.
211 3680 276 3737 Quin
287 3680 325 3726 est
341 3679 416 3727 etiam
434 3680 571 3740 quodait:
591 3683 656 3729 Sicut
681 3684 784 3743 agricola
796 3685 984 3745 oleribus3qusa
996 3683 1054 3730 licet
1065 3684 1152 3730 obesse
1162 3696 1214 3732 nou

124 3752 190 3799 olera
198 3748 281 3808 pobuli
290 3749 343 3795 dedi
351 3748 415 3796 vobis
426 3753 506 3796 ornain
515 3750 526 3796 i
534 3752 562 3797 ln
570 3763 618 3811 qno
630 3752 656 3797 ot
681 3754 793 3813 possunt,
802 3753 850 3800 cibi
860 3756 944 3800 tumen
952 3766 1000 3800 nou
1009 3752 1101 3799 habeut
1107 3752 1214 3811 gratiana

125 3817 144 3865 li
161 3815 206 3877 qui
224 3814 371 3874 simpliciter
389 3816 547 3877 intelligunt,
566 3822 655 3865 utnon
681 3822 795 3869 fortioris.
814 3823 935 3869 Generale
956 3821 1023 3869 enirn
1047 3821 1162 3867 omnibus
1186 3819 1213 3869 et

125 3884 518 3945 expendanlscrmonisexauren,
528 3888 656 3935 uonnobis
680 3904 809 3938 commune
823 3892 989 3951 praeceptum,
1000 3901 1048 3937 non
1067 3887 1155 3936 altiora
1172 3889 1213 3937 in-

124 3954 240 4001 ridentur
251 3966 304 4001 esse
320 3954 445 4001 contrarii.
457 3954 518 4001 Sunt
526 3956 595 4002 enirn
611 3958 655 4016 qui
680 3961 741 4007 dicii
767 3972 857 4018 genera
880 3960 1017 4018 virtutum,
1041 3971 1097 4018 qum
1123 3958 1212 4018 utiquo

123 4022 287 4084 putantquod
297 4022 365 4071 olera
380 4023 412 4071 ad
428 4035 509 4072 escam
526 4025 598 4072 nobis
608 4027 654 4074 Dei
680 4039 812 4087 paucorum
820 4027 885 4073 sunt.
897 4026 945 4075 Sed
956 4026 1010 4073 etsi
1022 4026 1077 4086 quis
1088 4024 1214 4073 virtutum

123 4091 187 4140 nutu
197 4091 322 4142 adtributa
336 4091 481 4153 rideantur,
492 4105 541 4155 quo
552 4093 592 4141 bis
602 4107 654 4143 ma·
680 4096 765 4156 epulas
772 4094 883 4144 tortiores
888 4092 935 4143 sibi
944 4094 1065 4144 exhibere
1070 4105 1119 4142 nou
1125 4093 1214 4157 possit,
