2676 4800
130 450 158 495 W
521 455 639 501 sancet
658 456 816 502 rubrosi!

129 545 212 597 nuru,
225 530 287 588 curir
301 532 465 604 intelligeret
484 535 557 590 eirca
574 550 604 590 sc
624 536 674 591 Dei
687 538 874 599 voluntatem,
899 547 950 588 nce
969 548 998 589 sc
1014 532 1119 588 diutius
1129 547 1210 603 posso

129 609 272 677 resistcre,
285 612 434 681 postulavit
449 625 502 667 non
514 628 543 669 se
556 614 608 667 nisi
621 613 781 669 acatholico
793 613 922 683 episcopo
931 612 1065 682 baptizari
1073 628 1081 677 ;
1093 613 1209 666 sollicite
1226 630 1228 639 ·

128 688 203 744 enirn
222 690 337 745 cavebat
357 689 500 761 perfidiam
520 693 702 746 arrianorum.
721 693 878 761 baptizatus
897 691 992 761 itaquo
1008 690 1098 746 fertur
1116 691 1209 745 omnia

127 767 313 822 ecclesiastica
330 767 420 823 cilicia
435 768 579 838 implesse,
596 772 680 839 atquc
695 771 791 824 octava
802 770 847 824 die
858 769 1003 839 episcopus
1014 769 1155 824 ordinatus
1167 770 1210 823 est

128 858 235 900 summa
252 861 315 900 cum
329 848 419 917 gratia
431 850 460 903 et
471 849 566 902 laetitia
578 850 770 903 cunctorum.
783 848 869 917 igitur
879 851 940 917 post
952 863 1036 903 annos
1048 850 1153 918 aliquot
1164 863 1211 902 or·

127 922 274 980 dinationis
286 941 344 981 suae
355 927 391 981 ad
400 928 498 982 urbem
508 931 621 982 Romam
630 967 638 992 ,
648 927 749 982 hocest
758 967 765 992 ,
774 927 809 981 ad
820 928 962 996 proprium
973 929 1060 982 solum
1069 929 1208 998 perrexit,

129 1001 223 1073 ibique
234 1008 357 1059 sanctam
373 1007 507 1074 puellam,
524 1006 558 1060 dc
573 1020 627 1075 qua
639 1020 723 1075 supra
736 1006 964 1072 memoravimus,
979 1006 1025 1060 eui
1037 1020 1150 1060 manum
1163 1004 1209 1059 oi-

126 1078 200 1136 terrc
217 1083 312 1137 solitus
332 1086 405 1149 erat,
424 1083 453 1137 in
472 1083 552 1137 domo
569 1084 680 1153 propria
704 1097 768 1138 cum
784 1097 931 1151 germana,
950 1084 1022 1138 sicut
1038 1085 1208 1154 reliquerat,

127 1159 246 1228 invenit,
261 1164 318 1232 jam
335 1166 423 1217 matre
441 1161 688 1232 defunctamque
705 1176 769 1215 cum
787 1162 832 1214 iila
849 1161 990 1216 dexteram
1006 1161 1080 1216 illius
1098 1164 1209 1216 oscula-

127 1240 223 1305 retur,
237 1241 383 1296 subridens
400 1240 439 1294 ait
452 1240 491 1293 illi
510 1255 516 1293 :
535 1260 550 1288 α
564 1243 648 1307 Ecce,
664 1242 695 1295 ut
712 1241 837 1295 dicebam
854 1240 918 1306 tibi,
933 1240 1081 1295 sacerdotis
1095 1255 1209 1296 manum

127 1318 296 1373 »oscularis
305 1339 320 1366 u
717 1387 720 1391 Ι

161 1396 202 1450 lo.
216 1400 268 1452 Per
280 1397 352 1453 idem
364 1398 474 1468 tempus
485 1413 548 1453 cum
561 1398 770 1453 transtiberim
783 1399 856 1467 apud
867 1397 1014 1469 quamdam
1028 1400 1208 1455 clarissimam

127 1475 259 1530 invitatus
275 1475 443 1531 sacrificium
455 1478 484 1532 in
497 1477 577 1531 domo
592 1477 723 1542 oilerrct,
736 1478 862 1547 quaedam
876 1479 1029 1532 balneatrix
1042 1495 1104 1548 quae
1121 1494 1206 1548 para-

125 1554 209 1623 lytica
222 1555 249 1607 in
262 1555 332 1609 lecto
342 1555 470 1624 jacebat,
484 1571 548 1610 cum
566 1556 737 1626 cognovisset
754 1555 856 1610 ibidem
872 1572 932 1611 esse
949 1558 1058 1611 Domini
1070 1557 1208 1612 Sacerdo-

126 1637 196 1697 tem,
211 1632 238 1685 in
251 1634 349 1688 sellula
361 1647 391 1688 sc
404 1634 439 1688 ad
451 1634 577 1689 eamdem
589 1635 716 1698 domum,
733 1633 862 1703 adquam
875 1633 920 1688 illc
933 1634 1065 1690 invitatus
1077 1640 1208 1701 uenerat,

126 1710 229 1780 portari
237 1709 318 1775 iecit,
329 1715 413 1781 atquc
422 1711 526 1767 orantis
534 1715 562 1767 et
573 1713 737 1782 imponentis
744 1727 842 1767 manus
848 1713 1011 1768 vestimenta
1024 1715 1130 1785 adtigit.
1139 1717 1208 1784 Quae

126 1803 190 1844 cum
204 1790 420 1855 exoscularetur,
430 1790 523 1845 statim
533 1792 649 1846 sanitate
663 1793 789 1859 recepta,
800 1793 943 1847 ambulare
954 1795 1039 1863 coepIt
1049 1811 1056 1859 ;
1070 1799 1100 1849 ut
1111 1797 1210 1865 imple·

126 1870 204 1923 retur
218 1868 285 1922 illud
298 1868 473 1924 bominicum
483 1869 587 1923 dictum
597 1870 632 1924 ad
642 1871 776 1939 apostolos
786 1885 792 1923 ε
801 1872 1019 1940 Etiommop'ora
1029 1872 1073 1929 liis
1082 1873 1207 1941 societis,

126 1942 272 2002 credentes
280 1947 312 2000 in
320 1949 436 2002 nominc
448 1962 521 2003 meo.
534 1949 611 2017 Quod
620 1951 712 2003 tamen
722 1950 831 2018 signum
838 1950 962 2004 sanitatis
969 1952 1132 2006 utmirabile.
1142 1950 1207 2017 luit,

126 2025 164 2079 ita
175 2025 259 2081 etiam
271 2041 323 2081 nec
333 2028 488 2092 occultum;
499 2042 563 2081 nam
573 2043 624 2097 ego
637 2028 687 2082 boc
700 2029 728 2080 iu
739 2027 836 2082 eadem
850 2028 961 2096 regione
974 2031 1035 2097 post
1044 2046 1129 2085 annos
1138 2032 1204 2100 plu-

125 2103 222 2169 rimos,
233 2104 334 2159 sanctis
343 2105 410 2159 viris
424 2104 624 2170 referentibus,
638 2107 742 2174 positus
755 2105 783 2159 in
796 2106 867 2160 Urbe
880 2108 1006 2175 cognovi.

160 2185 201 2236 tl,
215 2184 345 2238 Sirmium
353 2197 420 2239 vero
432 2198 495 2238 cum
505 2183 539 2238 ad
548 2183 732 2238 ordinandum
741 2183 900 2253 episcopum
911 2187 1057 2239 Anemium
1066 2189 1207 2254 perrexis-

125 2264 182 2328 set,
199 2261 293 2333 ibique
310 2263 427 2318 iustinae
438 2265 505 2317 tuuc
517 2263 649 2332 temporis
663 2265 765 2333 reginae
775 2263 897 2331 potentia
909 2266 938 2318 et
950 2265 1127 2320 multitudine
1139 2282 1206 2321 coa-

125 2340 227 2396 duuata
237 2341 271 2396 dc
283 2341 403 2396 Ecclesia
415 2343 566 2410 pelleretur
573 2357 581 2406 ;
594 2343 624 2395 ut
637 2356 691 2394 non
703 2341 818 2409 abipso,
830 2340 878 2394 scd
887 2341 922 2393 ab
930 2341 1068 2396 haereticis
1080 2345 1207 2399 arrianus

125 2420 306 2489 episcopusin
316 2421 414 2475 eadem
425 2421 545 2475 Ecclesia
555 2421 731 2475 ordinaretur
744 2434 750 2472 :
764 2421 891 2485 essetque
901 2418 1066 2473 constitutus
1076 2420 1103 2473 in
1115 2422 1207 2476 tribu-

126 2499 510 2564 nali,nil1ilcuranseorum,
523 2514 614 2568 quaea
628 2500 745 2553 muliere
758 2499 949 2552 excitabantur
954 2514 963 2563 3
977 2513 1031 2552 una
1041 2499 1075 2554 de
1086 2501 1206 2571 uirgini-

125 2577 177 2630 bus
188 2577 360 2631 arrianorum
370 2576 556 2645 impudentior
563 2577 674 2631 caeteris
683 2615 690 2642 ,
700 2576 822 2629 tribuual
831 2575 1026 2640 conscendens,
1035 2578 1207 2646 apprehenso

124 2655 288 2717 vestimento
294 2654 465 2720 Sacerdotis,
476 2669 540 2710 cum
551 2657 629 2710 illum
637 2656 782 2710 adtrahere
792 2656 876 2711 vellet
884 2654 920 2709 ad
926 2659 1033 2725 partem
1042 2657 1206 2725 mulierum,

126 2736 158 2790 ut
172 2734 206 2790 ab
224 2735 289 2804 ipsis
301 2748 388 2788 caesus
398 2734 432 2788 dc
444 2734 565 2789 Ecclesia
578 2736 745 2803 pelleretur;
759 2735 798 2789 ait
810 2734 852 2799 ei,
866 2736 897 2788 ut
912 2734 969 2803 ipsc
979 2734 1075 2789 solitus
1087 2740 1147 2791 erat
1157 2752 1206 2792 rc-

124 2813 198 2869 icrrc
209 2826 216 2866 :
228 2834 243 2859 «
253 2812 308 2865 Etsi
318 2825 369 2881 ego
382 2811 512 2882 indignus
523 2814 600 2866 taum
609 2812 763 2868 sacerdotio
773 2828 851 2878 sum,
864 2815 957 2868 tamen
970 2815 997 2867 tc
1011 2828 1063 2866 non
1080 2818 1207 2871 convenit

124 2912 140 2939 »
149 2892 193 2946 vel
202 2889 399 2960 professionem
414 2890 491 2945 tuam
501 2891 529 2944 in
539 2893 770 2963 qualemcumque
781 2891 953 2946 sacerdotem
963 2907 1060 2946 manus
1072 2894 1185 2963 injicere
1197 2913 1205 2960 ;

125 2990 141 3019 s
150 2971 223 3026 uude
232 2970 347 3025 deberes
353 2969 444 3024 vereri
455 2970 504 3024 lici
509 2971 655 3040 judicium,
663 2972 756 3026 netibi
767 2971 872 3041 aliquid
883 2971 947 3024 urali
955 2973 1089 3027 eventret
1103 2995 1116 3020 υ
1127 2976 1206 3041 Quod

124 3050 230 3105 dictum
246 3048 336 3104 exitus
350 3046 521 3102 confirmavit
529 3064 537 3114 ;
552 3064 615 3102 nam
627 3051 680 3104 alio
692 3050 737 3104 dic
750 3052 887 3103 mortuam
900 3048 935 3103 ad
946 3052 1103 3119 sepulcrum
1116 3067 1205 3122 usquc

124 3128 254 3192 deduxit,
267 3126 384 3197 gratiam
395 3141 445 3196 pro
460 3127 629 3183 contumelia
644 3128 809 3197 rependens.
823 3130 855 3182 Et
868 3128 919 3182 boc
932 3126 1035 3182 iactum
1051 3144 1105 3182 non
1117 3130 1206 3184 levem

124 3207 289 3263 adversariis
301 3204 416 3260 incussit
433 3208 553 3273 metum,
573 3220 727 3277 pacemque
742 3219 869 3276 magnam
882 3207 1010 3261 Ecclesiae
1021 3207 1163 3263 catbolicae
1176 3208 1206 3262 in

124 3287 276 3342 ordinando
285 3285 415 3356 episcopo
425 3284 532 3339 tribuit.

157 3369 200 3421 it.
215 3366 346 3420 Ordinato
356 3366 450 3434 itaque
462 3365 598 3420 catholico
608 3366 765 3432 sacerdote,
775 3365 960 3421 Mediolanum
972 3365 1138 3432 revertitur,
1152 3367 1208 3421 ibi-

124 3461 180 3517 que
189 3443 355 3514 supradictae
363 3445 479 3498 iustinae
491 3446 616 3500 mulieris
628 3445 906 3501 innumerasinsidias
916 3446 1061 3510 sustinuit,
1072 3461 1135 3514 quae
1145 3462 1208 3501 mu-

124 3524 238 3580 neribus
248 3526 333 3594 atquc
349 3523 500 3579 honoribus
511 3525 642 3580 adversus
654 3526 780 3578 sanctum
792 3524 882 3579 uirum
892 3526 1004 3590 oblatis,
1015 3527 1148 3595 populum
1158 3542 1207 3581 cx-

124 3604 237 3659 citabat.
255 3602 309 3659 Sed
325 3601 498 3658 infirmorum
515 3603 601 3659 animi
622 3604 724 3658 talibus
741 3602 882 3672 promissis
898 3603 1124 3674 decipiebantur3
1143 3619 1208 3674 pro-

145 3727 156 3747 ·
163 3726 190 3765 m
197 3726 242 3773 lam
251 3726 322 3775 paucis
332 3730 376 3775 post
390 3727 466 3766 dicbus
479 3727 505 3765 ab
517 3726 666 3772 ordinatione,
676 3735 799 3774 generosam
810 3725 1018 3771 iliam'llbsrlatom,
1033 3735 1099 3774 quam
1111 3727 1208 3764 sacerdos

122 3782 203 3823 christi
215 3782 317 3822 adversus
325 3785 430 3833 principos
441 3787 591 3832 maqnatoequo
600 3783 675 3822 saeouil
691 3782 793 3821 adhibere
807 3782 957 3824 constituerat.
966 3786 1065 3831 expertus
1073 3786 1101 3820 cst
1112 3781 1208 3821 Valenti.

123 3841 199 3879 sunus
211 3851 308 3890 magnus.
316 3841 373 3881 Cum
381 3842 443 3879 diem
452 3841 576 3880 Ambrosius
589 3841 659 3878 multa
672 3850 723 3879 curn
739 3839 838 3878 libertale
851 3840 1005 3888 imperatorem
1020 3839 1141 3887 alloquens,
1153 3851 1208 3879 non·

123 3899 184 3936 nulla
192 3899 370 3947 reprehendisset,
380 3908 431 3947 qua
440 3908 452 3935 a
461 3898 620 3945 magistralibus
629 3898 688 3936 haud
700 3901 758 3936 reela
771 3897 825 3936 iacta
837 3907 879 3935 osss
888 3896 1027 3944 videbantur,
1038 3897 1146 3945 rospondit
1160 3899 1208 3936 im·

122 3961 219 4006 perator:
228 3973 237 3990 ιι
245 3957 305 3996 lianc
313 3961 374 3995 luam
381 3954 554 4002 libertalemp'am
562 3955 646 4002 pridem
655 3956 762 4004 cognitam
768 3953 980 3999 habebamrrcdlicet
988 3965 1035 3992 cam
1044 3954 1110 4002 probs
1118 3965 1208 3999 nonem,

43 4026 47 4035 ¹
123 4029 134 4048 ι
142 4024 184 4053 nora
192 4017 262 4053 solum
273 4025 315 4053 uon
325 4013 454 4055 contradixi,
465 4012 533 4050 immo
542 4011 655 4052 adsensum
663 4013 750 4062 prabet
758 4013 887 4052 ordinationi
899 4016 952 4053 tuae.
963 4011 1054 4051 Proinde
1064 4012 1146 4051 delitiis
1156 4015 1206 4050 anl-

123 4073 363 4170 aeamoemnmm
371 4069 502 4109 msdlclmm
516 4067 608 4118 sdhlbs.
619 4069 806 4119 quemadmodum
820 4068 894 4109 dlvlua
907 4070 942 4108 lou
954 4061 1081 4118 pamm.-
1096 4070 1206 4110 Μαι.
