2676 4800
137 382 160 427 Χ
523 379 652 427 essert
672 379 845 424 ΔΙΒΙιΟῦΙΙ

169 461 211 518 ab.
226 458 361 518 Periclem
373 460 548 530 tempusduo
558 460 740 531 potentissimi
755 462 784 515 et
797 457 993 528 saptentlsslmi
1005 459 1058 516 viri
1070 461 1219 517 Persarum

134 540 171 598 ad
188 539 290 596 tamam
305 538 459 597 Sacerdotis
476 555 578 596 venere
596 541 794 608 Mediolanum,
808 539 966 598 deierantes
975 553 1070 594 secum
1083 540 1217 610 plurimas

135 619 316 690 questiones,
329 621 361 674 ιιι
371 633 407 674 ex
416 619 459 673 bis
474 619 622 688 probarent
634 619 797 687 sapientiam
810 619 864 675 viri
877 633 884 673 :
898 632 962 671 cum
971 632 1027 687 quo
1037 619 1071 672 ab
1081 619 1148 673 bora
1160 619 1216 673 diei

133 699 222 769 prima
238 712 326 768 usque
345 698 373 750 in
388 697 485 752 horam
503 697 614 751 tertiam
630 698 717 752 noctis
730 712 781 768 per
793 700 974 767 interpretem
989 696 1216 765 disputaverunt,

133 777 357 846 admirantesque
365 775 553 831 discesserunt
562 777 596 830 ab
607 791 650 831 eo.
663 779 695 831 Et
705 780 736 831 ut
744 791 774 832 se
783 778 934 848 probarent
947 789 1000 828 non
1011 776 1045 845 ob
1055 775 1138 829 aliam
1146 791 1216 831 cau-

133 870 192 912 sam
203 857 311 911 venisse
322 895 329 921 ,
344 855 396 909 nisi
409 856 439 909 ut
452 857 530 909 certo
541 856 645 910 certius
655 856 865 910 nossentvirum
875 895 882 920 ,
894 868 979 925 quem
991 853 1063 908 tama
1075 868 1217 924 compere-

133 938 212 1001 rant3
222 935 275 989 alia
285 933 330 988 die
340 931 536 989 valefacientes
547 933 723 1002 imperatori,
735 933 851 1003 proiecti
860 935 925 988 sunt
934 933 969 987 ad
979 934 1076 988 urbem
1087 934 1215 999 Romam,

134 1014 190 1069 iilic
201 1015 324 1069 volentes
335 1027 502 1082 cognoscere
512 1012 664 1082 potentiam
674 1006 852 1070 illustris'viri
864 1012 961 1078 Probi,
973 1027 1030 1083 qua
1041 1013 1167 1083 cognita,
1180 1012 1216 1068 ad

132 1093 244 1163 propria
253 1094 424 1148 remearunt.

166 1173 209 1227 ιθ.
222 1171 275 1227 Sed
289 1185 399 1241 egresso
411 1170 604 1227 Theodosiode
613 1172 693 1227 ltalia
704 1173 732 1227 et
744 1172 975 1241 Constantinopoli
988 1171 1152 1238 constituto,
1162 1173 1216 1226 Va·

131 1249 282 1304 lentiniano
294 1251 418 1319 Augusto
434 1250 506 1305 intra
516 1251 617 1305 Gallias
627 1251 730 1320 posito,
744 1251 850 1305 directa
862 1251 963 1320 legatio
981 1254 1023 1305 est
1041 1251 1092 1304 sub
1104 1250 1216 1304 nomine

132 1332 244 1384 senatns
255 1344 272 1383 a
283 1329 446 1398 Symmacho
455 1331 523 1384 tnnc
534 1329 666 1398 praelecto
680 1331 760 1386 Urbis
771 1329 806 1385 de
818 1330 969 1400 repetenda
980 1344 1028 1384 ara
1039 1330 1170 1386 Victoriae
1182 1329 1211 1384 et

132 1408 270 1462 sumtibus
285 1408 524 1463 ceremoniarum.
538 1408 591 1463 Sed
606 1408 655 1463 ubi
668 1409 803 1479 comperit
817 1409 964 1475 Sacerdos,
980 1409 1063 1463 misso
1076 1409 1168 1463 libello
1179 1408 1216 1463 ad

133 1485 342 1555 imperatorem,
362 1487 513 1555 postulavit
531 1490 562 1541 ut
580 1488 616 1542 ad
633 1502 663 1543 se
680 1489 820 1544 rotationis
832 1488 999 1558 exemplaria
1011 1488 1215 1557 dirigerentur,

132 1567 234 1637 quibus
246 1566 304 1635 ipse
313 1580 364 1636 pro
373 1567 498 1635 partibus
507 1567 564 1623 suis
575 1581 758 1637 responsurus
769 1570 850 1624 esset.
862 1569 922 1636 Qua
934 1569 1068 1623 relatione
1078 1570 1210 1637 accepta,

131 1645 373 1714 praeclarissimum
386 1645 509 1701 libellum
522 1647 701 1717 conscripsit,
715 1650 852 1702 utcontra
867 1648 936 1702 nihil
948 1662 1078 1717 umquam
1097 1646 1214 1702 auderet

131 1723 311 1791 symmachus
326 1724 369 1777 vir
386 1724 630 1794 eloquentissimus
649 1726 815 1796 respondere
834 1740 841 1780 :
858 1726 908 1780 sed
925 1728 1070 1795 postquam
1088 1727 1214 1794 augustas

132 1801 272 1856 memoriae
284 1802 491 1857 Valentinianus
504 1803 532 1856 in
542 1802 691 1859 Viennensi
702 1805 814 1859 civitate
827 1802 838 1877 (
852 1819 914 1874 quae
926 1806 971 1866 est
978 1803 1128 1857 Galliarum
1138 1803 1210 1857 civi-

132 1878 193 1950 tas)
204 1881 287 1935 vitam
300 1880 403 1946 finivit,
415 1883 553 1952 lingentes
562 1885 684 1952 suscepit
697 1885 857 1953 imperium,
871 1883 919 1955 qui
932 1883 980 1937 ubi
996 1883 1132 1952 imperare
1148 1895 1210 1936 coe-

131 1961 187 2031 pit,
204 1976 258 2015 non
275 1962 361 2016 multo
375 1965 452 2034 post,
469 1964 628 2032 petentibus
640 1965 767 2019 Flaviano
783 1966 849 2018 tnnc
861 1961 992 2031 praelecto
1012 1966 1041 2017 et
1059 1962 1213 2031 arbogasto

87 2069 88 2072 =
132 2040 248 2106 comite,
265 2055 341 2095 aram
355 2040 485 2096 Victoriae
502 2044 530 2096 ct
541 2044 649 2096 sumtus
661 2041 904 2105 ceremoniarum,
917 2041 991 2110 quod
1002 2039 1211 2114 Valentinianus

132 2119 257 2186 augustae
275 2118 415 2173 memorie
431 2119 521 2174 adbuc
536 2120 564 2173 in
579 2120 737 2188 junioribus
757 2120 836 2175 anuis
853 2121 1035 2184 mustitutus,
1053 2119 1212 2189 potentibus

132 2195 332 2265 denegaverat,
344 2197 446 2251 oblitus
457 2195 521 2252 fidei
531 2211 589 2251 suae
601 2199 744 2252 concessit.

164 2273 208 2328 m.
226 2271 284 2333 iloc
298 2273 346 2328 ubi
366 2274 493 2344 cognovit
509 2273 658 2341 Sacerdos,
675 2274 807 2331 derelicta
821 2275 935 2332 civitate
952 2274 1163 2342 Mediolanensi,
1175 2274 1212 2332 ad

130 2433 140 2450 ι
150 2417 344 2466 mittieludiciumg
355 2420 428 2456 elnon
443 2416 551 2459 rationed
566 2417 707 2456 animinoni
718 2418 844 2456 senteutiam
855 2417 896 2456 tert
907 2428 913 2456 ι
926 2418 995 2465 legem
1008 2416 1133 2465 huiusmodi
1145 2416 1209 2459 veiim

129 2488 140 2507 ·
148 2475 235 2521 nucia,
243 2484 293 2524 quae
304 2475 417 2514 decretum
429 2474 520 2522 quodvis
528 2474 569 2512 ires
578 2476 672 2521 impetu,
681 2476 772 2513 otiosum
787 2477 860 2513 redut
872 2486 896 2513 ac
910 2473 1046 2522 superfluum
1057 2486 1062 2512 ι
1072 2475 1145 2521 cepitis
1159 2483 1211 2514 vero

129 2548 140 2565 ·
148 2534 258 2571 mecona
269 2534 302 2569 rel
311 2534 377 2569 exsilii
387 2533 475 2577 triginta
489 2532 531 2569 dies
540 2533 624 2578 scriptae
636 2536 749 2578 maneam,
761 2533 849 2570 rationis
857 2533 966 2580 judicium
979 2532 1116 2579 opperientes.
1129 2531 1210 2570 Exactis

129 2604 140 2621 ·
148 2593 221 2627 aulem
231 2588 320 2634 triginta
328 2588 416 2631 diebus,
425 2588 464 2634 qui
474 2591 590 2624 exararunt
600 2587 684 2624 decreta
693 2589 744 2634 illa,
754 2589 827 2626 eadern
836 2589 949 2626 exhibeant
958 2599 964 2626 s
973 2592 994 2625 et
1004 2587 1116 2626 iracundia
1125 2587 1216 2634 tamdiu

129 2659 139 2677 ι
150 2646 258 2693 requieta,
266 2654 339 2683 neum
347 2645 389 2691 ipsa
399 2646 452 2681 ratio
461 2644 571 2691 iudicans,
580 2645 674 2690 priorem
684 2645 787 2692 expandat
800 2646 955 2694 cognitionem,
963 2645 1113 2693 examinetque
1126 2645 1208 2693 tudano

129 2717 140 2735 ι
148 2704 185 2740 illa
192 2703 229 2747 eit,
239 2711 265 2739 an
273 2711 332 2739 secus
340 2700 422 2738 babeat.
431 2700 541 2747 siquidem
551 2710 615 2747 porro
624 2701 721 2749 iniquam
731 2703 834 2746 inveniet.
844 2704 947 2751 discerpat
956 2703 1044 2750 scripta,
1053 2705 1073 2739 et
1081 2704 1208 2740 sententiam

127 2774 138 2792 a
148 2760 234 2796 irritam
243 2757 317 2795 reddat
326 2769 332 2796 r
345 2759 377 2796 sin
387 2761 460 2796 sulem
470 2767 532 2805 aequa
542 2756 609 2795 tuerit
616 2784 623 2804 ,
631 2758 661 2796 ita
669 2764 766 2805 mensale
778 2770 818 2799 nec
830 2762 918 2810 triginta
931 2760 1019 2799 dierum
1030 2769 1137 2798 numerus
1147 2759 1208 2797 labo-

128 2832 138 2849 ·
149 2815 235 2854 taeteblt
246 2818 303 2853 recte
309 2814 411 2862 judicata.
420 2829 430 2846 ι

150 2874 325 2912 Admonitionem
333 2873 389 2911 bane
397 2873 514 2920 imperator
521 2872 579 2910 ultro
586 2871 707 2921 admittens,
715 2878 735 2912 el
743 2885 816 2914 seeum
824 2876 904 2923 optime
911 2875 945 2923 agi
956 2875 995 2913 sibl
1007 2872 1145 2922 persuadens.
1155 2881 1207 2911 eon-

128 2934 190 2970 tinuo
199 2933 259 2979 turen
269 2932 336 2979 legem
344 2931 458 2980 perscribi,
467 2935 562 2979 quamel
573 2932 649 2970 litteris
657 2933 751 2981 propriae
760 2945 837 2972 manue
845 2938 913 2971 ratam
923 2945 947 2971 ac
956 2934 1043 2971 firmem
1051 2943 1093 2970 esse
1101 2931 1177 2971 voluit.

149 2990 223 3028 ilisita
232 2988 301 3035 iacti,
310 2988 373 3026 divus
386 2987 512 3026 emarcum
523 2988 658 3036 imperatoris
674 2991 788 3029 vincentum
801 2992 863 3030 solvit
872 3002 878 3029 s
888 2992 1004 3039 imperator
1017 2993 1089 3027 autem
1097 2992 1172 3036 ,sumta
1183 2988 1206 3026 in

127 3049 234 3096 templum
244 3047 341 3085 intrandi
351 3047 441 3092 fiducia,
453 3056 496 3084 non
504 3051 569 3091 stans,
578 3056 648 3095 neque
655 3046 678 3085 ln
688 3059 759 3095 genua
768 3050 924 3097 procumbens,
933 3049 1051 3086 Dominum
1062 3048 1206 3096 precabaturt

128 3105 162 3146 sed
171 3105 196 3142 in
209 3106 279 3143 selum
294 3104 381 3143 nudum
395 3104 488 3151 dejectus
503 3114 528 3143 ac
541 3109 671 3152 prostratus,
683 3108 807 3146 Daridieam
822 3108 882 3145 illam
897 3108 965 3146 emidt
977 3117 1064 3145 vocem:
1076 3123 1085 3137 ι
1096 3106 1205 3151 Adhaesit,

128 3177 139 3194 ι
147 3165 247 3209 inquiens,
254 3163 375 3210 parimento
383 3164 454 3200 enims
462 3172 519 3201 meaa
527 3161 620 3201 Viritica
628 3174 663 3202 rne
670 3166 791 3203 secundum
800 3167 892 3203 verbum
902 3169 974 3202 tuum.
980 3182 988 3195 ··
997 3165 1022 3202 Et
1030 3165 1099 3203 crinas
1107 3164 1206 3204 manibus

127 3220 217 3265 vellens,
225 3223 246 3257 et
258 3219 334 3258 taciem
343 3218 489 3265 contundens,
497 3223 517 3257 et
527 3220 619 3268 protessis
627 3221 728 3270 lacrymis
736 3223 829 3270 irrigans
837 3223 997 3271 pavimentum,
1006 3222 1091 3259 renim
1105 3222 1205 3270 conequi

127 3276 259 3324 properabat.

149 3333 261 3381 Postquam
273 3336 345 3372 autern
358 3332 385 3371 sd
397 3332 507 3372 otiercnda
518 3344 583 3373 nere
592 3345 672 3375 mensae
685 3347 779 3376 munera
791 3337 873 3375 vocavit
887 3340 985 3384 tempus,
996 3345 1048 3375 cum
1062 3334 1146 3373 delibus
1160 3343 1204 3372 nou

126 3391 198 3428 minus
207 3391 292 3438 copiosis
299 3400 387 3437 surgens
393 3416 400 3436 ,
407 3391 487 3438 gradus
495 3392 566 3430 altaris
574 3393 655 3432 scandit
665 3405 671 3431 s
679 3395 786 3431 oblatione
796 3404 847 3431 vero
858 3397 967 3442 porrecta.
980 3394 1039 3430 intra
1048 3393 1164 3436 cancellos,
1179 3396 1203 3429 ul

124 3447 157 3486 tltl
166 3449 296 3494 moriseni,
307 3449 390 3486 mansit.
399 3447 441 3486 Sed
450 3449 511 3487 nullo
522 3449 598 3495 modo,
608 3454 634 3488 ut
645 3451 692 3489 baec
701 3451 843 3488 dissimularet
852 3475 859 3496 ,
871 3451 906 3489 abs
917 3451 1069 3499 reimpetravit
1079 3458 1136 3487 noer
1147 3449 1204 3484 Arn-

126 3503 220 3543 hrosiue:
230 3506 358 3542 alterorum
367 3504 482 3542 discrimen
490 3506 555 3544 illurn
567 3506 660 3546 edocuit.
670 3507 695 3545 m
707 3509 806 3554 primum
818 3507 921 3555 quidem,
933 3519 987 3546 num
1003 3507 1057 3556 quid
1070 3506 1205 3555 postularet,

124 3563 276 3610 interrogabat.
286 3563 418 3610 imperatore
427 3567 499 3601 aulem
509 3565 659 3612 respondente,
667 3565 849 3613 perticipationem
862 3564 988 3604 divinornm
999 3565 1152 3614 mysteriorum
1162 3574 1204 3603 soso

124 3621 255 3669 prestolari,
264 3620 389 3658 ministrum
399 3620 500 3660 adhibens
508 3623 685 3662 archidiaconum
698 3623 755 3660 clare
767 3622 871 3669 protereus
880 3626 909 3661 est
918 3635 923 3660 :
935 3639 944 3655 a
955 3623 1076 3667 interiora,
1085 3632 1098 3660 o
1107 3622 1203 3669 Impera·

125 3693 135 3710 ·
145 3681 186 3724 tor,
194 3678 234 3715 niel
244 3679 291 3716 unis
298 3677 441 3717 sacerdotibus
450 3682 551 3718 nonsunt
563 3679 667 3719 adeunda.
679 3679 785 3726 Egredera
796 3680 873 3727 igitur,
882 3684 903 3718 et
915 3681 1011 3718 eamdem
1024 3690 1076 3718 cum
1088 3679 1134 3716 aliis
1147 3678 1203 3716 laicis

125 3735 255 3774 necationem
265 3744 339 3779 serva:
350 3746 449 3784 purpura
461 3737 520 3774 enim
532 3747 603 3785 repes,
615 3746 752 3785 nequaquam
768 3747 819 3774 vero
831 3737 949 3776 sacerdotes
960 3738 1016 3775 iacit.
1030 3753 1040 3768 ι·
1053 3737 1113 3775 lianc
1129 3740 1203 3773 autern

124 3791 307 3839 compellationem
316 3793 472 3832 similiterboni
481 3794 594 3833 consulens
601 3794 734 3832 fidelissimus
742 3793 872 3833 Theodosius
880 3823 885 3840 ,
894 3800 969 3834 contra
980 3797 1075 3844 exposuit
1084 3804 1127 3832 non
1138 3797 1203 3831 teme

125 3849 187 3887 ritate
196 3848 253 3887 intra
263 3850 392 3889 moeboese
401 3852 532 3894 remansisse.
543 3861 621 3889 rerum
635 3851 686 3899 quia
699 3851 880 3900 Constantinopoli
893 3853 934 3892 boe
946 3853 1055 3891 didicerat.
1065 3853 1141 3891 Tantae
1154 3852 1201 3888 vir-

124 3906 176 3945 tutis
187 3909 208 3945 el
219 3907 335 3956 imperator
346 3911 367 3946 et
380 3910 486 3957 episeopus
496 3909 545 3947 luce
558 3907 680 3956 tulffebanlt
691 3908 798 3956 liquidem
812 3912 871 3947 enirn
887 3915 1009 3958 utrumque
1023 3910 1126 3952 admiror,
1141 3909 1201 3947 bunc

123 3963 220 4002 videlieet
229 3975 352 4013 generosam
360 3965 387 4003 ob
396 3966 525 4010 libertatem,
532 3965 598 4004 illum
606 3970 750 4016 veropropter
756 3967 840 4005 facilem
847 3967 1001 4007 obedientiam:
1011 3972 1031 4006 el
1039 3968 1105 4015 butus
1111 3967 1200 4016 quidem

124 4023 195 4064 uum
205 4021 322 4063 terrentem
330 4050 335 4070 ,
344 4024 402 4063 illius
414 4034 465 4063 vero
476 4022 541 4062 tidem
552 4022 661 4063 nuceram.
673 4025 796 4072 (decerptum
808 4036 818 4064 a
832 4024 875 4063 Vite
883 4024 899 4062 S.
912 4025 1023 4066 Ambrosii,
1035 4026 1199 4073 occluserunt
