2676 4800
526 362 709 412 abrutino
723 364 814 414 VITA.
1181 368 1202 414 t

124 438 246 496 mittebat
257 440 334 497 enirn
344 428 522 511 tribunatus,
531 447 560 502 et
575 445 696 499 diversas
711 445 778 500 niias
789 444 936 517 dignitates
950 447 1000 514 ils,
1012 447 1060 520 qul
1075 449 1154 504 illurn
1165 448 1200 505 dc

127 520 240 575 Ecclesia
249 522 379 590 raptum,
389 518 425 574 ad
431 520 560 576 exsilium
566 522 767 592 perduxissent.
774 523 852 592 Quod
860 525 1011 581 cummulti
1018 529 1199 593 conarentur,

126 596 516 669 nubeoprnsnleperloere
525 615 580 655 non
588 601 723 667 valerent,
732 617 805 657 unus
819 601 956 658 infelicior
966 605 1202 671 cnterlsmomino

126 677 300 749 Eutbymius,
312 679 342 734 in
357 682 467 736 tantum
484 679 606 736 lurorcm
619 681 755 736 excitatns
770 684 827 749 cst,
842 686 873 739 ut
885 684 966 754 Juxta
979 685 1129 742 Ecclesiam
1147 686 1202 741 sibl

126 755 233 812 domum
245 760 376 828 pararet,
385 759 470 830 atque
481 758 617 815 lneadcm
626 773 737 815 carrum
746 760 941 829 constitueret,
953 777 1009 834 quo
1018 762 1126 819 iacilins
1133 778 1201 834 rap-

126 838 196 901 tum,
219 836 428 906 superpositum
449 839 581 908 carpento
601 836 637 892 ad
656 839 784 893 exsilium
795 839 971 908 perduceret.
992 837 1048 897 Sed
1060 843 1202 912 insignitos

127 914 185 980 rins
193 914 228 967 iu
236 915 376 970 veracem
386 916 478 984 molus
490 911 651 980 descendit·
664 918 727 985 post
742 931 847 973 annum
858 919 962 974 etenim
975 919 1072 976 eodem
1087 921 1133 977 dic
1144 934 1201 993 quo

128 992 200 1046 illum
210 1007 312 1062 rapcre
322 1007 355 1048 se
366 993 568 1060 arbitrabatur,
581 994 610 1050 in
626 993 723 1050 codem
739 997 870 1067 carpento
882 997 1025 1068 impositus
1034 1038 1042 1064 ,
1057 998 1092 1055 de
1103 998 1202 1056 eadem

129 1070 204 1124 domo
216 1072 275 1141 ipse
290 1071 325 1126 ad
334 1072 463 1127 exsilium
474 1072 627 1129 destinatus
635 1076 692 1141 est,
702 1076 835 1144 reputans
847 1075 901 1130 sibl
909 1075 985 1146 justo
990 1077 1096 1147 judicio
1105 1078 1156 1133 liei
1172 1075 1202 1136 ul

130 1149 154 1202 in
163 1165 193 1205 se
203 1166 264 1207 esse
276 1165 457 1218 conversum,
469 1153 502 1207 ut
518 1152 546 1206 ln
558 1166 591 1207 eo
602 1154 735 1222 carpento
746 1153 914 1224 dirigeretur
926 1155 962 1209 ad
972 1156 1116 1220 exsilium,
1126 1155 1200 1225 quod

93 1226 96 1231 ’
132 1229 184 1297 ipse
194 1233 341 1299 paraverat
354 1230 505 1286 Sacerdoti.
523 1231 572 1287 dui
587 1245 642 1286 nou
654 1230 802 1288 minimum
816 1232 907 1287 solatii
918 1232 1048 1289 Sacerdos
1065 1235 1199 1304 prebuit,

134 1309 215 1364 dando
223 1312 348 1375 sumtus,
359 1310 404 1365 vel
413 1309 467 1364 alia
477 1325 540 1380 qnae
551 1312 631 1366 erant
643 1311 810 1366 necessaria.

166 1391 204 1443 li.
213 1389 262 1444 sed
273 1389 336 1444 baee
346 1386 481 1444 confessio
489 1388 609 1445 bominis
619 1404 671 1445 nec
682 1390 807 1445 mulieris
821 1388 958 1458 furorem,
968 1406 1021 1448 nec
1029 1405 1201 1449 vesanorum

132 1467 295 1523 arrianorum
306 1467 475 1523 dementiam
486 1468 634 1536 repressit;
649 1469 754 1538 majore
765 1469 869 1525 etenim
880 1470 989 1526 accensi
1000 1471 1136 1537 amentia,
1148 1474 1200 1527 ba·

131 1546 229 1600 sssicam
245 1546 404 1600 portianam
422 1544 553 1601 invadere
570 1546 731 1602 nitebantur
745 1561 752 1602 :
766 1547 905 1603 exercitus
922 1549 1008 1604 etiam
1025 1552 1148 1606 armatus
1165 1550 1201 1608 sd

131 1624 317 1680 custodiendas
328 1623 400 1680 iores
417 1624 544 1680 Ecclesiae
557 1628 600 1681 cst
616 1625 760 1692 directus,
778 1628 810 1682 ut
821 1641 903 1682 nemo
913 1627 1029 1684 auderet
1040 1630 1201 1685 catholicam

132 1706 273 1760 Ecclesiam
291 1703 408 1775 ingredi.
421 1703 475 1759 Sed
485 1703 617 1759 Dominus
631 1705 681 1774 qui
699 1703 734 1762 de
748 1704 914 1761 adversariis
929 1706 988 1761 suis
1002 1707 1129 1761 Ecclesiae
1143 1722 1201 1761 sun

130 1785 279 1854 triumphos
295 1782 397 1838 donare
414 1783 572 1849 consucvit,
585 1782 622 1838 ad
639 1782 768 1839 Ecclesiae
785 1798 843 1839 snae
860 1785 1063 1840 munimentum
1080 1786 1201 1841 militum

131 1863 207 1918 corda
217 1862 369 1928 convertit3
382 1864 413 1916 ut
427 1862 531 1917 anemis
542 1862 627 1918 scutis
641 1861 770 1918 Ecclesia
783 1861 855 1918 iores
869 1867 1029 1929 servarent,
1041 1880 1093 1920 nec
1105 1865 1200 1934 egredi

130 1940 372 2008 dimitterent,sed
381 1939 489 2011 ingredi
499 1939 647 1995 Ecclesiam
656 1940 765 2012 plebem
776 1940 940 1996 catholicam
948 1942 1062 1997 minime
1071 1942 1202 2010 probibe-

132 2026 197 2078 rent
215 2021 271 2078 sed
284 2035 337 2077 nec
352 2020 405 2076 boc
415 2019 481 2075 salis
495 2021 555 2075 erat
569 2019 660 2075 missis
673 2018 823 2086 militibus,
839 2019 892 2074 nisi
904 2020 989 2074 etiam
1004 2033 1055 2088 pro
1067 2020 1201 2076 calholica

132 2100 181 2158 dde
189 2117 254 2157 cum
259 2101 340 2172 plebe
348 2099 453 2170 paritor
461 2098 653 2154 acclamarent.
664 2099 721 2153 lloo
730 2097 759 2152 in
767 2099 892 2169 tempore
899 2097 1021 2169 primum
1027 2098 1199 2168 antiplona,

133 2181 220 2251 bpmni
228 2222 237 2247 ,
256 2196 289 2235 ac
300 2178 402 2250 vigiliae
417 2179 446 2233 in
457 2177 576 2234 Ecclesia
590 2176 785 2233 Mediolanensi
801 2178 935 2234 celebrari
951 2181 1104 2248 coeperunt.
1118 2177 1200 2248 cuins

133 2260 295 2315 celebritatis
307 2258 416 2315 devotio
426 2272 514 2329 usque
526 2257 554 2312 iu
568 2255 733 2312 hodiernum
746 2255 821 2312 diem
833 2271 886 2310 non
898 2257 986 2313 solum
998 2256 1135 2314 incudem
1146 2261 1200 2312 Ec·

133 2339 224 2406 alesia,
235 2352 336 2395 verum
347 2351 397 2409 per
405 2351 500 2392 omnes
508 2350 578 2407 pene
587 2335 744 2392 Occidentis
754 2336 909 2406 provincias
918 2337 1019 2391 manet.

165 2421 201 2473 lt.
216 2423 268 2475 Per
278 2419 351 2474 idem
360 2420 469 2486 tempus
477 2416 564 2471 sancti
576 2417 712 2484 martyres
722 2414 861 2469 Protasius
869 2417 898 2469 et
907 2415 1052 2468 (servasius
1063 2429 1093 2469 se
1104 2418 1201 2470 Sacer-

138 2497 185 2550 doti
201 2499 402 2553 revclavernnt.
425 2496 508 2550 Erant
529 2494 604 2550 enim
629 2493 659 2547 ln
675 2491 789 2546 basilica
806 2491 904 2561 positi,
922 2492 952 2544 in
969 2505 1024 2560 qua
1038 2493 1103 2544 sunt
1120 2491 1200 2548 bodie

137 2592 241 2647 corpora
250 2578 365 2633 Naboris
373 2579 401 2632 et
410 2575 505 2631 Felicis
513 2576 667 2645 martyrum
677 2587 684 2626 τ
695 2571 743 2626 sed
752 2569 840 2626 sancti
852 2570 987 2640 martyres
996 2571 1085 2625 Nabor
1092 2573 1120 2626 et
1126 2572 1199 2627 Felix

136 2658 308 2713 celeberrime
327 2655 589 2726 frequentabantur,
603 2651 718 2708 Protasii
733 2664 799 2706 vero
810 2652 839 2705 et
856 2649 978 2706 Gervasil
996 2653 1149 2721 martyrum
1168 2654 1201 2708 ut

137 2738 253 2800 nomina,
264 2736 303 2789 ita
312 2735 396 2790 etiam
404 2734 529 2803 sepulcra
538 2732 677 2802 incognita
687 2731 782 2795 erant,
793 2730 938 2784 intantum
947 2730 1069 2799 utsupra
1079 2730 1200 2800 ipsorum

136 2816 254 2883 sepulcra
265 2813 437 2869 ambularent
446 2824 554 2877 omnes,
566 2809 616 2880 qui
625 2809 727 2863 vellent
736 2806 770 2862 ad
781 2806 917 2862 cancellos
926 2809 1087 2876 pervenire,
1100 2809 1200 2879 quibus

136 2898 284 2948 sanctorum
295 2892 409 2947 Naboris
417 2892 446 2946 ei
452 2890 546 2945 Felicis
561 2889 712 2958 martyrum
724 2887 758 2941 ab
771 2886 871 2955 injuria
882 2887 1008 2956 sepulcra
1017 2886 1201 2942 defendeban-

136 2975 184 3025 tur.
197 2972 250 3029 Sod
262 2972 310 3027 ubi
320 2973 477 3026 sanctorum
486 2971 637 3037 martyrum
649 2978 762 3035 corpora
773 2966 838 3019 sunt
846 2966 951 3030 levata,
961 2968 990 3020 ct
998 2965 1026 3019 in
1036 2965 1141 3020 lecticis
1151 2980 1202 3036 po-

136 3049 503 3117 siia‚multorumibisanatae
509 3044 686 3117 aegritudines
693 3044 887 3114 perdocentur.
897 3045 1202 3103 oaecuseuamseverus

139 3133 242 3186 nomine
250 3171 258 3196 ‚
267 3131 315 3202 qui
326 3144 400 3185 nunc
412 3127 537 3198 usquein
548 3125 645 3182 cadem
656 3124 769 3180 basilica
780 3139 843 3195 quae
854 3123 956 3178 dicitur
965 3124 1159 3190 Ambrosiam,
1172 3123 1201 3179 in

137 3224 215 3276 apuam
232 3213 381 3279 Martyrum
401 3220 514 3276 corpora
530 3207 595 3259 sunt
611 3204 757 3268 translata,
773 3202 900 3272 religiose
914 3201 1016 3268 servit3
1031 3202 1080 3257 ubi
1097 3203 1202 3259 vestem

138 3295 283 3359 martyrum
292 3287 404 3357 adtigit,
416 3285 509 3340 statim
518 3285 612 3339 lumen
622 3282 737 3351 recepit.
748 3281 865 3337 Obsessa
873 3281 958 3336 etiam
967 3293 1080 3348 corpora
1095 3279 1204 3348 aspiri-

138 3369 207 3422 llbus
219 3365 364 3421 immundis
378 3367 489 3428 curata,
501 3376 608 3418 summa
619 3376 683 3417 cnm
694 3359 783 3430 gratia
798 3359 910 3413 domum
921 3358 1091 3425 repetebant.
1104 3357 1157 3412 Sed
1167 3357 1202 3413 iis

137 3445 272 3502 benefieiis
282 3446 435 3515 martyrum
446 3442 474 3496 in
483 3443 616 3512 quantum
628 3440 771 3496 crescebat
781 3436 850 3492 fides
861 3434 989 3490 Ecclesiae
1001 3435 1158 3504 catholicae,
1172 3436 1201 3492 in

138 3528 239 3580 tantum
249 3525 421 3579 arrianorum
431 3520 544 3591 perfidia
553 3521 738 3575 minuebatur.

169 3606 207 3659 ld.
224 3603 347 3675 benique
362 3617 397 3658 ex
412 3602 465 3656 boc
480 3601 602 3669 tempore
616 3598 708 3655 sedari
724 3595 810 3666 coepit
824 3594 995 3665 persecutio,
1010 3608 1074 3664 quse
1087 3594 1202 3650 imtinoe

137 3682 225 3738 lurore
237 3680 457 3746 accendebatur,
469 3680 500 3734 ui
512 3678 641 3734 Sacerdos
651 3677 687 3732 de
704 3675 824 3730 Ecclesia
839 3675 998 3745 pelleretur.
1011 3676 1113 3728 Tamen
1129 3673 1202 3727 intra

136 3762 262 3828 palatium
269 3758 419 3815 multitudo
429 3756 601 3812 arrianorum
610 3753 786 3811 cumJustina
796 3753 944 3808 constituta
951 3750 1093 3808 deridebat
1099 3752 1203 3806 tantam

137 3841 181 3893 liei
190 3839 320 3910 gratiam,
330 3850 417 3909 qnam
426 3836 552 3890 Ecclesiae
561 3834 701 3890 catholicae
708 3833 839 3888 Dominus
848 3836 928 3887 lesus
936 3829 1042 3886 meritis
1051 3831 1203 3899 martyrum

134 3934 240 3973 snorum
254 3917 381 3974 conferre
391 3914 521 3985 dignatus
530 3914 571 3968 est
585 3930 591 3967 :
604 3911 847 3982 venerabilemque
857 3909 948 3965 virum
957 3908 1130 3964 Ambrosium
1140 3920 1205 3962 nar-

133 4000 208 4056 rabat
219 3999 336 4070 pecnnia
352 4006 527 4063 comparasse
539 3992 679 4059 homiues,
692 3990 741 4061 qui
751 3988 887 4048 severeri
897 3983 1091 4045 abimmnndis
1101 3985 1205 4056 spiriti·
