2676 4800
396 360 441 407 br.
457 362 543 408 (2le
557 363 599 407 bn
615 360 703 407 Aban
720 364 823 408 braun
836 364 869 408 11.
1137 361 1183 410 lid

107 438 199 493 sauro
209 446 323 504 notura,
332 442 401 493 sicut
411 444 566 492 diveraomm
575 442 626 490 cri·
650 444 695 491 Vel
706 448 773 493 certe
785 446 831 493 boc
849 444 923 495 modo
935 457 944 492 r
957 456 1053 494 omnem
1071 437 1181 494 laborem

107 512 182 561 Um
191 513 338 574 peccatores
348 525 357 559 r
368 512 413 561 sod
423 512 557 562 destructis
572 513 625 559 cul·
650 514 734 573 tuum,
747 526 844 561 omnem
856 514 1001 562 industriam
1012 527 1074 575 puro
1085 515 1111 563 et
1120 515 1181 562 sim·

107 576 184 630 bib·
200 580 365 630 saerutaribus
392 581 530 641 eliguntur.
554 581 624 628 Unde
650 582 709 642 plici
720 583 903 630 commendabis
913 584 1011 631 attactu.

108 656 146 697 u
160 650 250 700 babeat
269 663 330 698 curn
349 651 451 710 plebeia
473 651 624 710 possessione
679 652 703 699 9.
715 654 742 700 Si
750 654 830 699 ostem
844 666 893 699 non
909 654 1024 710 mutabis,
1037 652 1134 712 inquil,
1143 667 1181 700 rr·

114 719 252 778 mim,
261 731 312 767 nec
323 719 352 766 in
362 719 447 767 mentio
460 717 546 779 populi
557 732 624 767 com·
649 721 841 769 ‹lilaea-iubetur
848 733 906 782 ergo
914 720 1051 769 secu'ndum
1060 720 1179 779 litteram,

115 786 218 847 him
234 789 297 849 quir
311 788 419 835 verbam
437 788 485 836 Dei
501 788 528 834 in
543 789 624 836 medio
649 791 677 834 ut
695 790 786 836 animai
802 790 869 837 atiud
879 804 924 851 pro
935 790 1063 839 immundo
1077 790 1179 839 animali

116 853 267 917 dpuident,
273 855 465 916 sicntscriptum
471 857 539 904 estin
548 859 624 905 Eran-
648 858 778 918 alteratur,
795 859 838 905 aut
852 860 975 919 pretium3
987 872 1018 907 ne
1034 860 1100 907 inter
1110 857 1180 906 deci-

117 924 391 981 mellitissimus
401 928 448 974 trec
458 928 623 986 conprrpoliin
649 938 700 972 mas
718 926 842 973 tractuum
857 926 897 973 rei
912 927 995 974 minus
1010 926 1119 987 aliquid,
1136 926 1178 973 nel

118 994 525 1055 theneoflbieqoruminmcdio
533 1009 622 1043 mmm.
649 993 1180 1043 immundumvideaturolterri.intellectus

117 1058 434 1111 liniamentorum
448 1066 496 1111 stat
505 1077 573 1123 paon
583 1079 623 1112 vor
648 1065 730 1110 autom
747 1063 892 1122 profundior
902 1063 1055 1110 liberandam
1071 1064 1179 1110 animam

116 1129 192 1179 ἀἱ
648 1131 715 1178 tuom
726 1132 810 1191 docet,
819 1135 847 1179 ut
854 1132 957 1179 desistat
965 1133 996 1178 ab
1007 1130 1101 1192 iisquae
1112 1131 1180 1177 truo-

136 1195 221 1245 ssnrr
229 1208 289 1257 ergo
299 1197 475 1255 cognoscimus
489 1197 554 1256 quod
565 1199 622 1245 ante
648 1198 701 1244 tum
712 1212 759 1246 uon
772 1199 872 1246 babent.
883 1200 931 1257 Qui
948 1201 1015 1246 enirn
1026 1199 1128 1247 redimit
1137 1211 1180 1259 sa,

114 1266 249 1313 uhtdos
261 1279 307 1315 aaa
322 1265 497 1312 commendare
512 1266 564 1312 Deo
579 1266 623 1315 de·
649 1264 737 1312 liberat
747 1267 773 1313 el
783 1266 890 1325 quodam
905 1265 979 1313 exuit
989 1266 1083 1313 debito.
1094 1267 1180 1313 itoiiu-

116 1332 308 1383 utrumn
319 1333 500 1393 babuerimus,
512 1334 623 1383 elaboro·
647 1334 745 1391 quenda
756 1336 958 1394 suntoperaqnm
966 1346 1052 1381 rerum
1061 1334 1180 1395 tmolum,

118 1413 165 1451 n
173 1403 274 1463 nopes
285 1404 373 1451 nostra
386 1402 498 1461 perlecta
512 1401 571 1450 sint.
583 1404 619 1450 Si·
648 1401 1179 1464 bonosqueprocessusbaberenonpossunt3

117 1470 198 1532 eph
211 1472 255 1520 bor
267 1473 374 1532 pienum
389 1471 428 1518 est
442 1471 468 1518 et
485 1471 621 1531 perlectum
647 1472 730 1530 qualia
741 1474 797 1520 sunt
812 1474 858 1520 isla
869 1473 993 1520 mundana
1003 1484 1108 1534 querum
1119 1486 1180 1522 usus

119 1541 249 1601 amidam
262 1541 332 1589 sicut
350 1540 405 1599 ipse
415 1539 535 1587 Dominus
553 1539 623 1590 docet
647 1552 695 1587 non
714 1542 864 1600 potestesse
880 1542 1022 1591 dintumus.
1040 1543 1179 1603 inquibus

119 1611 229 1659 udmens
237 1624 246 1657 r
255 1612 294 1657 De
306 1608 383 1656 donis
396 1609 423 1656 et
434 1608 498 1656 dotis
514 1608 563 1656 tuis
580 1610 623 1656 ob-
648 1608 701 1668 ipse
711 1610 791 1658 nudus
801 1614 827 1660 et
837 1611 892 1659 veri
906 1624 999 1659 saeuus
1010 1610 1114 1660 effecius
1125 1612 1177 1670 est3

120 1680 220 1727 mrum
228 1679 318 1726 otierre
331 1676 393 1723 mibi
410 1677 436 1724 in
448 1676 536 1724 diebus
555 1677 623 1726 testis
648 1679 673 1724 et
688 1679 800 1738 quamvls
814 1692 910 1728 summo
924 1680 1042 1740 quaesitus
1055 1681 1133 1728 tuerit
1142 1681 1179 1727 ia·

120 1747 171 1807 ab,
178 1748 238 1797 aibit
246 1747 424 1804 detrabentes,
434 1758 516 1805 neque
527 1744 622 1806 disper·
647 1746 718 1806 bore,
729 1748 837 1796 animam
845 1749 908 1795 nibil
917 1747 997 1807 iurat.
1006 1750 1039 1796 Ea
1047 1749 1113 1797 enim
1121 1762 1178 1809 uum

120 1814 622 1877 inles3sedp1enaetintegrnetpertecta
647 1816 793 1865 servitutem
817 1819 905 1865 animm
930 1817 1054 1877 inierunt,
1073 1818 1177 1866 inutilia

119 1884 229 1935 msa
242 1885 333 1933 resim
351 1885 435 1931 summ
453 1883 507 1930 dies
524 1884 621 1932 Domini
647 1884 704 1932 sunt
723 1888 817 1945 omnia,
837 1887 885 1934 etsi
906 1898 956 1932 non
975 1886 1040 1934 desit
1061 1885 1176 1934 allectus.

120 1954 151 2013 ot,
163 1954 204 2002 rbi
223 1954 395 2016 periectarum
411 1952 530 2000 virtutum
545 1954 622 2012 gratia
646 1955 731 2013 lingna
752 1955 852 2002 videtur
873 1954 1042 2015 praeliantium
1062 1955 1177 2012 victoria,

119 2023 273 2082 *Quiane
283 2021 405 2083 perseus
415 2025 486 2080 sunt,
498 2021 518 2068 si
530 2023 623 2070 sollici·
647 2024 851 2084 triumphantium
865 2025 941 2084 gioria
956 2024 1016 2071 :sed
1032 2023 1178 2083 frequentor

120 2089 371 2140 marmarium
379 2122 387 2148 ‚
396 2091 421 2136 et
430 2091 561 2150 corporalis
568 2091 623 2140 iile-
647 2092 712 2152 ipsos
722 2093 835 2140 ridemus
844 2092 888 2153 qui
899 2092 1018 2152 vicerint,
1029 2104 1115 2140 rursus
1124 2091 1178 2139 bei-

118 2158 172 2209 aba
185 2162 264 2208 ricton
283 2160 384 2207 ammas
400 2158 563 2206 delinimenta
579 2173 623 2208 ro-
646 2162 725 2209 iomm
741 2161 868 2220 subiacere
887 2161 1002 2222 incertis,
1014 2161 1039 2208 et
1050 2160 1177 2209 transferri

117 2227 192 2288 irpbtis
200 2228 335 2287 excludat,
347 2228 436 2274 libera
451 2228 554 2288 saecuto,
570 2230 622 2278 Deo
647 2230 678 2277 ad
687 2231 882 2279 boslemevenlu
891 2230 984 2290 pmni,
994 2230 1058 2278 eteo
1067 2231 1177 2291 ipsoque

116 2296 273 2358 lanumalbil
279 2297 312 2346 de
321 2296 424 2344 tramite
430 2295 532 2344 directo
542 2298 622 2345 inlen·
647 2299 753 2346 victores
763 2301 820 2346 anto
839 2299 945 2359 tuerint,
961 2299 1014 2347 tieri
1027 2300 1176 2347 miseriores.

114 2366 549 2425 &minianensmocaltectussui
560 2367 623 2414 tem·
647 2366 713 2426 Opus
724 2368 762 2413 est
780 2378 837 2426 ergo
855 2368 884 2413 ut
901 2377 976 2424 opera
988 2367 1030 2413 tua
1049 2366 1081 2413 ad
1097 2366 1179 2413 Deum

113 2446 159 2493 pn
178 2448 240 2483 nunc
259 2434 372 2483 luxurias
395 2432 531 2494 dividens,
557 2448 621 2484 nunc
647 2434 750 2493 dirigas,
770 2435 796 2480 et
815 2434 870 2491 eius
892 2433 940 2480 tibi
964 2433 1074 2492 adspiret
1099 2432 1177 2479 taror.

111 2502 182 2552 bbori.
193 2504 257 2551 inim
270 2504 359 2564 itaque
375 2502 473 2562 sapiens
484 2504 546 2551 bunc
557 2506 623 2553 ceie—
648 2503 745 2549 Athletu
757 2502 810 2561 ipse
820 2501 863 2561 qai
873 2500 924 2548 suis
934 2513 984 2548 non
994 2501 1084 2548 alienis
1094 2500 1180 2547 decer·

111 2572 623 2630 tortaoIomuitatem‚nuilusaliusdmmu·
648 2571 684 2618 nil
703 2570 813 2628 viribus,
832 2569 929 2628 quoties
945 2568 1115 2629 congreditur,
1132 2569 1179 2615 du·

110 2641 512 2702 mmimbuiusmodipassionum
518 2642 622 2688 animam
648 2640 701 2686 bios
717 2651 787 2686 casus
804 2638 889 2685 subire
902 2650 928 2685 so
940 2637 1028 2685 credit.
1040 2638 1136 2685 Etcum
1148 2637 1179 2683 ad

109 2709 624 2770 rtpmireditticileestllirideergosecun·
649 2718 761 2752 coronam
784 2705 942 2765 pervenerit,
963 2704 1082 2764 inteiligit
1104 2705 1179 2753 citius

109 2778 153 2826 dn
171 2781 290 2827 rationem
314 2778 405 2824 animm
429 2778 573 2836 principalia
598 2780 624 2826 el
648 2775 710 2821 banc
727 2775 811 2821 mundi
827 2775 929 2834 gloriam
945 2776 1069 2833 tamquam
1084 2785 1178 2821 corona

108 2845 245 2906 wimiis,
259 2848 286 2894 et
297 2848 361 2892 tunc
375 2846 436 2905 quid
446 2848 623 2907 masculinum,
648 2844 725 2902 ipsius
731 2843 788 2890 tolia
798 2856 957 2890 marcescere.
965 2843 1179 2889 Gubemalorcum

107 2915 183 2974 pridre
206 2917 358 2964 lemininum
384 2915 417 2961 sil
442 2914 621 2974 deprehendes,
649 2909 1177 2970 inportrmnanimsubduxorit‚uixilnem

107 2982 164 3031 duta
173 2986 237 3032 enirn
249 2985 305 3032 sine
318 2983 403 3029 labore
417 2982 508 3040 uirtus,
521 2985 577 3043 quio
590 2986 624 3030 ln·
649 2980 790 3038 impositum
798 2981 876 3027 labori
887 2980 970 3039 putat,
983 2978 1010 3025 el
1019 2979 1102 3026 statim
1112 2992 1179 3038 qum-

109 3050 272 3113 hnrprotessus
286 3051 392 3099 virtutis
407 3052 453 3097 est.
464 3053 532 3109 Quod
549 3054 622 3100 etiam
649 3051 682 3096 rit
700 3050 789 3096 laboris
806 3050 945 3097 exordium.
957 3048 1067 3095 Solvitur
1076 3060 1178 3107 corporo

109 3120 159 3179 l*
170 3123 245 3182 ipsius
260 3121 341 3169 verba
356 3120 507 3179 significant,
523 3135 576 3182 qun¹
587 3123 623 3170 di·
649 3118 743 3177 anima,
755 3119 781 3165 et
791 3119 846 3179 post
856 3119 928 3165 finem
939 3116 998 3164 vilar
1014 3117 1088 3174 huius
1099 3115 1179 3163 adbuc

109 3188 233 3239 cittii-ae
249 3190 315 3250 qnod
330 3191 406 3248 npcril
424 3190 517 3236 vulcam
536 3193 623 3247 ruina,
649 3188 731 3234 tamen
747 3188 826 3234 tuturi
840 3185 930 3244 judicii
947 3185 1062 3243 ambiguo
1077 3198 1181 3244 suspen·
1282 3204 1285 3209 ·

110 3257 197 3306 natabis
208 3272 253 3306 roe.
273 3257 407 3305 immunda
423 3258 491 3304 enirn
509 3258 624 3306 animalia
649 3255 723 3303 ditur.
733 3257 769 3302 ita
778 3256 834 3302 finis
843 3253 993 3311 nuilirs,ubi
1001 3253 1057 3300 duis
1067 3254 1178 3311 putatur.

110 3324 165 3373 lexa
175 3328 290 3375 mineio
300 3325 440 3386 separarit,
452 3328 477 3374 et
489 3339 531 3386 pro
545 3328 584 3374 bis
594 3328 625 3374 ad
650 3323 718 3371 Unde
729 3325 790 3386 rotis
798 3326 823 3371 et
831 3335 891 3380 pura
899 3322 1050 3368 conscientia
1058 3320 1180 3379 etspirltu

109 3393 175 3442 vion
185 3396 276 3443 munda
286 3394 363 3454 iussit
373 3394 465 3441 offerri.
477 3395 556 3442 Asinae
569 3409 625 3455 ergo
650 3392 759 3439 caritatis
776 3392 943 3437 adhaereamus
965 3390 1016 3435 Deo
1038 3390 1136 3448 nostro,
1154 3389 1181 3435 et

109 3465 257 3525 nimbos
267 3464 322 3523 est,
334 3463 488 3511 immundum
494 3463 565 3522 iubet
572 3479 626 3512 mu·
650 3461 761 3507 divinum
784 3458 855 3507 nobis
873 3457 1033 3504 conciliemus
1051 3456 1179 3504 taroremr

109 3534 147 3580 lm·
157 3547 217 3594 ore,
230 3547 288 3594 qum
303 3534 394 3580 munda
405 3534 430 3580 et
441 3534 498 3592 apta
508 3533 626 3582 sacrificio
650 3532 778 3589 precantes
788 3528 818 3574 ut
836 3539 849 3572 a
864 3526 1022 3574 sacularibus
1033 3524 1100 3573 curis
1117 3526 1181 3573 tanr-

111 3602 147 3647 rrt.
158 3604 208 3650 iloc
218 3605 257 3650 est
273 3601 410 3649 secundnm
422 3601 539 3650 litteram.
551 3603 627 3650 cnte-
650 3610 722 3659 quarn
733 3597 763 3643 ab
775 3595 911 3642 immitibus
919 3595 944 3642 et
954 3595 1091 3655 agrestibus
1102 3595 1180 3644 domi·

111 3672 350 3731 maqumsensum
358 3670 545 3731 spiritalisiegis
553 3674 627 3720 altius
651 3667 689 3713 nis
699 3666 819 3726 possimus
829 3665 923 3712 absolvi
938 3666 1011 3725 atque
1024 3665 1097 3725 exui,
1109 3678 1180 3712 mun·

114 3743 275 3800 Μυῖαν,
301 3740 363 3787 libet
382 3740 537 3788 considerare
563 3744 626 3802 quod
651 3734 763 3795 donoque
782 3735 852 3782 exiro
870 3734 986 3793 servilio,
1003 3734 1180 3782 inliberlatem

116 3807 626 3869 adnimfimsitanimat‚0visff11c.
651 3816 763 3862 supernm
781 3802 925 3862 cognitionis
942 3815 996 3863 quae
1014 3813 1074 3850 vera
1093 3803 1118 3850 ut
1129 3802 1179 3849 sota

118 3872 206 3923 boum.
223 3878 313 3924 fructu
331 3890 387 3938 orgo
404 3877 465 3926 dicit
483 3879 626 3926 mutandum
652 3872 689 3919 est
705 3872 818 3932 libertas,
831 3872 921 3920 vocati.

119 3936 226 4003 florem,
237 3949 264 3994 ut
275 3946 328 3995 finis
338 3947 420 4008 operis
431 3946 470 3995 sui
482 3945 574 3995 tructus
584 3949 625 3996 sit.
874 3965 962 3978 --

214 4063 235 4109 ί,
1042 4054 1067 4094 ltt
