2676 4800
525 445 545 491 a
562 446 710 492 raurruo
724 448 815 493 utra.
1150 436 1204 494 ‘xrtt

139 525 232 579 undum
241 524 362 580 celsum
374 526 550 593 martyrem,
564 524 613 594 qui
626 525 653 578 in
664 525 760 580 eodem
770 527 849 581 horto
857 526 961 597 positus
970 527 1026 593 cst,
1036 539 1099 581 cum
1110 531 1204 582 saneto

137 602 251 660 eumue
260 604 298 659 ad
307 603 476 660 orationem
481 603 665 673 perreximus.
677 607 831 675 Numquam
840 607 933 661 tamen
943 606 1106 661 illumantea
1112 620 1203 661 orasse

137 681 246 737 nondun
258 683 325 737 loco
339 683 527 752 compertum
539 680 673 736 babemus
686 697 692 735 :
705 683 754 737 scd
766 684 885 739 hocerat
894 684 1004 755 signum
1015 685 1129 739 revelati
1143 699 1204 738 cor-

135 760 343 832 puismartyris,
354 760 381 814 si
387 762 506 814 sanetus
518 755 650 814 Sacerdos
661 760 696 814 ad
706 761 810 827 locum,
822 762 857 816 ad
865 777 949 833 quem
958 778 1108 833 numquam
1122 765 1203 818 antea

134 835 213 906 tuerat,
223 842 343 895 oratum
360 838 441 894 isset.
457 838 640 908 cognovimus
650 837 740 894 muron
757 841 944 897 acustodibus
955 842 1008 896 loci
1019 842 1118 912 ipsius,
1130 841 1204 912 quod

133 919 297 986 aparentibus
306 918 374 973 suis
384 917 443 972 illis
452 917 587 972 traditum
597 917 646 982 sit,
660 931 714 971 non
723 918 864 974 discedere
873 919 907 975 de
917 921 976 974 loco
985 920 1031 974 lllo
1039 933 1203 989 peromnem

131 996 321 1061 amentiorem
336 998 368 1050 et
380 995 549 1066 progeniem
558 1009 684 1061 suorum;
697 1009 731 1050 eo
742 996 816 1066 quod
829 997 950 1053 thesauri
965 998 1056 1068 magni
1068 998 1095 1052 in
1105 998 1201 1054 eodem

132 1074 261 1145 beopositi
270 1076 429 1131 esseutEt
440 1087 507 1129 vere
516 1074 608 1142 magni
614 1074 750 1140 thesauri,
765 1089 834 1145 quos
845 1089 898 1130 non
908 1090 1015 1146 aerugo,
1028 1091 1118 1147 neque
1127 1077 1202 1130 tinea

131 1155 294 1218 attaminat,
305 1150 633 1224 uequeiurcseliodiunt
642 1155 670 1207 et
679 1152 821 1218 iurantur3
831 1155 897 1223 quia
907 1157 998 1208 custos
1007 1168 1102 1208 eorum
1112 1154 1203 1208 Chris·

131 1235 170 1284 tus
178 1235 228 1297 cst,
238 1236 267 1287 et
276 1233 362 1287 locus
373 1244 476 1286 eorum
490 1230 554 1284 aula
568 1230 700 1297 coelestis,
718 1231 821 1301 quibus
833 1233 931 1286 Vivere
947 1229 1075 1286 dimotus
1091 1231 1162 1299 suit,
1175 1234 1202 1286 et

130 1310 199 1363 orori
207 1310 329 1365 luerem
339 1309 491 1364 Translato
503 1307 597 1378 itaque
606 1321 721 1377 corpore
733 1308 861 1378 llartyris
872 1308 907 1364 ad
916 1309 1059 1363 basilicam
1068 1310 1203 1379 apostolo-

129 1399 186 1441 rum
194 1388 239 1442 ubi
247 1389 358 1457 pridem
366 1388 529 1441 sanctorum
538 1387 722 1456 apostolorum
732 1387 857 1457 reliquiae
868 1401 974 1441 summa
983 1387 1104 1442 omnium
1113 1387 1199 1444 devo-

129 1467 194 1522 tione
203 1467 341 1538 depositae
354 1465 483 1529 inerant,
494 1479 558 1519 cum
567 1466 697 1520 tractaret
709 1466 871 1536 Episcopus,
882 1465 994 1537 quidam
1003 1467 1037 1522 de
1046 1469 1147 1537 populo
1155 1483 1200 1522 re·

129 1546 207 1614 plotus
219 1548 324 1617 spiritu
342 1544 504 1609 immundo,
520 1544 640 1598 clamare
655 1545 739 1613 coepit
751 1559 781 1599 so
798 1545 921 1616 torqueri
940 1547 975 1600 ab
996 1546 1147 1602 Ambrosio.
1163 1549 1198 1602 At

130 1624 168 1680 ille
178 1640 328 1682 conversus
342 1623 379 1679 ad
392 1636 460 1678 eum
473 1621 531 1676 ait:
547 1643 561 1670 a
575 1623 754 1688 obmutesce,
767 1623 888 1690 diabole;
900 1624 967 1695 quia
982 1636 1036 1679 non
1048 1626 1076 1679 te
1088 1628 1198 1695 torquet

130 1705 323 1770 »Ambrosium
343 1701 395 1758 sed
411 1700 479 1758 tides
495 1703 652 1756 sanctorum
667 1704 696 1757 et
715 1701 818 1757 invidia
834 1703 891 1767 tua;
903 1703 1034 1771 quoniam
1045 1703 1110 1758 illuc
1121 1703 1198 1758 rides

130 1805 143 1830 ι
152 1783 315 1839 adscendere
327 1780 471 1846 homines,
482 1780 557 1835 unde
570 1781 602 1835 tu
613 1780 734 1850 dejectus
746 1796 790 1845 es;
804 1795 867 1835 nam
883 1782 1042 1836 Ambrosius
1057 1783 1145 1840 nescit
1156 1784 1198 1837 in-

130 1861 216 1917 ·llari.
226 1884 242 1909 ι
252 1865 316 1931 Quo
327 1861 418 1925 dicto,
432 1859 478 1915 ille
488 1859 538 1929 qui
547 1858 698 1925 clamabat,
710 1860 863 1926 obmutuit,
877 1863 1083 1934 prostratusque
1095 1862 1124 1916 in
1136 1863 1196 1920 ter·-

130 1953 178 1994 mm
188 1943 243 2006 est,
254 1956 308 1996 nec
318 1939 440 2010 amplius
450 1952 546 1994 vocem
555 1953 611 2009 qua
620 1939 778 2009 obstrepere
787 1942 892 2009 posset,
903 1940 1003 1995 emisit.

156 2024 194 2077 Et.
206 2027 259 2079 l’er
268 2023 345 2078 idem
355 2025 466 2093 tempus
474 2036 539 2076 cum
549 2022 706 2077 consulatus
717 2022 759 2077 sui
769 2024 893 2091 tempore
906 2022 1054 2091 imperator
1062 2026 1196 2083 lionorius

131 2102 153 2156 in
161 2104 225 2158 urbe
235 2100 502 2166 llediolanensium,
512 2100 674 2170 lybicarum
684 2101 805 2156 terarum
817 2101 961 2157 exhiberet
970 2116 1086 2169 munus,
1095 2108 1196 2174 populo

130 2182 185 2238 illuc
195 2185 398 2248 concurrente,
411 2181 475 2237 data
493 2181 572 2250 eopia
585 2182 627 2236 est
639 2181 729 2236 missis
741 2181 875 2236 militibus
887 2184 953 2237 tunc
966 2184 1000 2237 ah
1012 2184 1140 2242 stilicone
1149 2202 1196 2241 co-

130 2263 186 2318 mite
196 2265 310 2319 bortatu
319 2262 431 2317 Eusebii
441 2259 579 2330 praelecti,
593 2262 624 2315 ut
637 2260 797 2315 Cresconius
810 2261 923 2330 quidam
934 2262 968 2317 de
982 2264 1100 2318 Ecclesia
1112 2279 1194 2334 rape-

129 2346 310 2414 retur3quem
327 2339 534 2410 confugientem
551 2339 586 2393 ad
601 2340 687 2394 altare
705 2339 815 2393 Domini
835 2343 945 2394 sanctus
965 2340 1113 2410 Episcopus
1132 2358 1195 2397 curn

129 2420 241 2487 clericis,
254 2421 304 2492 qui
319 2420 350 2474 in
361 2421 486 2488 tempore
498 2417 628 2483 aderant,
641 2417 845 2473 defendendum
857 2417 1047 2472 circumdedit.
1058 2419 1111 2474 Sed
1121 2423 1195 2476 mul-

130 2497 211 2552 titudo
220 2500 358 2563 militum,
371 2512 434 2568 quae
445 2496 529 2552 duces
539 2511 602 2551 suos
612 2496 732 2554 babebat
744 2494 779 2551 de
791 2492 906 2562 pertidia
924 2495 1108 2561 arrianorum,
1122 2512 1195 2566 prae-

129 2577 206 2630 saluit
219 2578 370 2632 aduersum
384 2590 500 2645 paucos;
517 2577 614 2645 atque,
628 2575 718 2629 ablato
736 2572 895 2638 cresconio,
909 2573 1077 2629 exsultantes
1090 2576 1124 2630 ad
1137 2592 1196 2631 anr-

128 2654 309 2722 phitbeatrum
323 2657 512 2719 reverterunt,
524 2654 650 2709 Ecclesiae
661 2654 766 2706 luctum
778 2665 832 2704 non
844 2651 982 2706 modicum
995 2653 1193 2724 relinquentes3

129 2746 184 2786 ram
195 2734 333 2789 Sacerdos¹
346 2735 499 2803 prostratus
514 2733 577 2787 ante
596 2733 682 2786 altare
701 2730 808 2785 Domini
821 2730 924 2785 laetum
937 2730 985 2785 diu
1001 2730 1084 2787 ssevit.
1099 2734 1151 2790 Sed
1167 2736 1194 2789 in

128 2811 244 2880 tempore
254 2826 320 2866 cum
332 2813 523 2876 reuertissent,
536 2814 564 2866 ot
573 2811 777 2865 renuntiassent
788 2809 837 2873 iis,
849 2824 864 2863 a
877 2808 978 2880 quibus
991 2808 1100 2865 lucrant
1111 2812 1196 2867 desti-

128 2891 178 2943 nati
190 2892 308 2955 milites,
318 2890 424 2944 dimissi
436 2888 558 2958 leopardi
567 2891 639 2943 saltu
647 2888 731 2944 celeri
743 2888 779 2942 ad
787 2888 916 2944 eumdem
927 2889 1031 2953 locum,
1042 2889 1069 2942 in
1081 2904 1137 2960 quo
1147 2906 1194 2946 sc-

128 2968 218 3023 dcrant
236 2971 286 3041 qui
306 2970 341 3024 de
363 2969 481 3024 Ecclesia
495 2968 713 3037 triumphabant,
733 2966 930 3022 adscendentes
943 2967 1064 3036 graviter
1081 2969 1195 3024 laniatos

128 3050 305 3119 reliquerunt.
322 3047 402 3118 Quod
418 3049 465 3103 nbi
477 3047 546 3102 vidit
561 3049 628 3102 tunc
639 3048 732 3102 stilico
744 3060 849 3112 eomes,
862 3045 1025 3116 poenitentia
1036 3050 1126 3101 motus
1138 3052 1193 3113 est,

129 3128 162 3180 ita
174 3133 205 3183 ut
217 3143 269 3197 per
281 3127 382 3183 multos
396 3125 455 3183 dies
467 3125 638 3182 satisfaceret
655 3125 809 3191 Sacerdoti,
824 3127 852 3180 et
866 3125 981 3180 illusum
993 3125 1105 3195 quidem
1118 3126 1194 3182 illum

127 3206 173 3276 qui
192 3208 300 3261 ablatus
316 3206 421 3271 luerat,
438 3205 541 3261 dimisit
558 3205 626 3260 :sed
642 3204 707 3275 quia
724 3203 949 3274 gravissimorum
971 3203 1117 3258 criminum
1135 3210 1195 3261 erat

127 3299 206 3349 rens,
217 3286 331 3340 cialiter
340 3284 481 3340 emendari
493 3299 547 3338 non
556 3285 678 3353 poterat,
691 3282 725 3337 ad
734 3282 867 3338 exsilium
875 3280 1036 3346 destinavit,
1044 3294 1097 3335 non
1109 3284 1195 3338 multo

126 3367 184 3433 post
193 3363 365 3434 indulgentia
377 3366 571 3433 prosequente.

156 3444 197 3498 ab.
214 3446 268 3498 Per
276 3442 350 3498 idem
361 3445 469 3512 tempus
479 3455 543 3495 cum
552 3442 587 3496 ad
597 3441 730 3510 palatium
739 3438 881 3510 pergeret,
892 3449 1013 3509 eumque
1021 3451 1071 3508 pro
1080 3439 1139 3494 loco
1150 3440 1194 3494 ol-

125 3519 178 3576 ieii
187 3523 274 3576 nostri
284 3534 480 3593 sequeremur,
492 3521 630 3577 Theodulo
640 3523 706 3575 tunc
715 3519 836 3583 notario,
850 3517 899 3587 qui
910 3519 1003 3586 postea
1013 3530 1120 3573 summa
1131 3533 1194 3574 eum

124 3603 210 3672 gratia
222 3602 403 3658 llntinensem
410 3600 483 3657 rexit
489 3600 651 3665 Ecclesiam,
662 3614 725 3654 cum
735 3613 802 3653 casu
810 3597 923 3667 quidam
932 3595 1080 3666 pedeessct
1089 3597 1194 3666 lapsus,

126 3683 206 3750 atque
221 3682 372 3750 prostratus
382 3681 490 3752 jaceret
506 3678 534 3732 in
551 3681 643 3744 terra,
663 3676 765 3732 ridenti
782 3675 886 3730 lactum
903 3689 1051 3730 convorsus
1065 3676 1195 3731 Sacerdos

125 3759 161 3813 ait
173 3774 180 3812 :
195 3780 211 3806 α
223 3759 255 3813 rt
269 3761 300 3812 tu
312 3759 359 3829 qui
368 3762 438 3823 stas,
451 3755 516 3812 ride
526 3770 561 3812 ne
572 3755 662 3811 cadas.
674 3776 689 3804 »
701 3756 761 3821 Quo
772 3753 860 3818 dicto,
875 3752 970 3808 statim
981 3751 1062 3824 isqui
1073 3753 1194 3809 alienum

125 3835 229 3906 mum
238 3836 352 3904 riserat,
361 3851 446 3894 suum
456 3834 555 3889 doluit.

154 3920 197 3972 ad.
211 3920 263 3972 l‘er
280 3918 351 3973 idem
362 3921 475 3988 tempus
486 3914 592 3982 Erigitil
602 3913 729 3984 quaedam
742 3913 837 3983 regina
849 3915 1115 3975 Marcomannorum,
1131 3926 1194 3967 cum

127 3994 265 4066 aquodam
275 3997 426 4053 Christiano
437 3992 517 4058 viro,
529 3992 577 4062 qui
586 3992 620 4047 ad
630 3993 705 4047 illam
717 3990 787 4047 torte
800 3990 835 4047 de
846 3990 930 4044 ltaliae
939 3989 1064 4058 partibus
1076 3988 1195 4045 advene-

127 4079 179 4138 rat,
195 4076 330 4133 merem
344 4077 396 4133 sibi
414 4069 530 4130 audiret
547 4068 646 4127 lamam
665 4070 733 4136 riri,
750 4070 856 4131 Christo
871 4068 1002 4134 credidit,
1021 4068 1100 4137 cuius
1117 4068 1194 4121 illum
