2714 4794
455 116 498 163 DB
513 114 593 164 clim
613 119 655 166 ΕΤ
673 121 759 166 ABEL
777 122 877 169 llullll
897 125 915 169 l.
1190 124 1235 174 l57

148 190 464 269 tmlestisimeouteruntus.
472 201 501 248 el
508 200 682 249 testamentum
708 205 754 252 tres
762 206 810 252 viri
815 205 909 253 stabunt
920 218 988 266 super
998 219 1056 254 euin.
1071 207 1102 256 m
1112 207 1190 258 uidens
1199 224 1235 258 oe·

145 260 251 322 dicitur,
268 264 393 324 quoniam,
405 269 525 334 mnino
540 269 681 318 dedicatum
706 274 780 320 currit
791 273 881 321 oieinm
893 275 938 323 iltis
951 275 982 322 od
995 278 1080 323 ostium
1091 277 1235 326 toicmnoull

145 328 181 374 est
191 341 199 375 a
211 330 285 379 vetus
296 331 324 380 in
336 333 412 393 typo,
422 347 514 385 novum
524 336 551 384 in
566 338 679 386 veritate.
705 342 754 397 sei,
766 343 788 388 et
804 343 911 391 mmaoit
928 356 998 404 sapor
1008 346 1109 402 mom,
1119 347 1142 392 et
1157 347 1232 394 diarii:

142 395 194 453 tine
205 398 366 449 Testamenta
376 401 470 452 dmum
490 405 575 464 matius
594 406 680 466 pignus
704 410 803 456 Domine
809 441 818 467 ,
830 411 852 457 si
860 412 937 459 inveni
947 410 1049 472 grotlom
1059 408 1121 461 oute
1131 416 1161 461 te.
1173 415 1233 461 'ires

142 466 271 527 tenerum
285 469 348 528 qnia
366 470 402 518 sic
421 471 512 520 dilexit
530 473 597 521 Deus
613 474 679 522 hune
705 474 785 534 unet,
795 489 871 523 unum
884 479 976 526 adorat.
988 481 1047 527 'ires
1060 479 1187 527 mensuras
1197 480 1233 528 ot·

141 534 317 596 nondumne
329 540 488 599 unigenitum
504 541 595 589 Filium
606 556 679 590 sunm
704 541 751 589 lert
772 544 925 605 similaginis.
947 549 1007 595 llam
1028 549 1075 596 etsi
1098 549 1232 596 immensus

141 613 184 680 pra
190 603 391 654 uobisomnibus
404 607 482 656 daret.
497 610 567 657 Unde
581 610 678 670 periec—
702 611 777 670 Deus,
786 613 1018 662 tamenmensnmm
1027 615 1136 663 omnium
1146 616 1231 674 tenet,

140 672 233 718 aionem
241 672 330 732 mua
342 675 478 733 praedicans
488 677 616 737 Apostolum
625 679 675 724 ait:
701 679 889 741 siculscriplum
897 686 947 732 est:
956 687 1011 746 Quis
1018 689 1231 733 memmestmnau

140 739 262 799 &osredo
272 754 323 789 aon
331 745 404 792 etiem
412 758 465 793 cum
475 747 515 795 illo
525 747 676 796 omniamodis
701 755 825 808 aquomst
831 753 912 800 coelum
921 755 1037 813 pulsauit
1045 756 1178 801 universam
1183 757 1231 800 ter·

138 807 252 858 bavit?
700 819 1231 879 ramclausosnnuutPeriectaeigiturinpen-

368 877 442 894 “““
700 884 1132 946 sonissingulisl'rinitati‚interiore
1140 887 1230 933 mentis

296 926 423 980 CAPUT
439 927 528 980 vm·
699 963 801 1014 arcano,
819 955 865 1002 hoo
886 957 937 1013 est,
953 955 1098 1013 similaginis
1112 953 1230 1012 spiritalis

138 1015 242 1067 mus
255 1019 357 1056 acrinus
369 1019 478 1057 sermm
491 1021 603 1069 muliare·
615 1022 674 1071 queis
698 1023 797 1069 mantus
811 1023 950 1070 Patriarclra
968 1023 1116 1071 sacrificium
1131 1021 1230 1070 delere·

159 1071 673 1172 mifefisnfflmfflefmcfflfflffl
698 1089 1231 1153 bat.llaecestsimilngo,quamquvaugelio

159 1179 246 1218 Mi„
254 1181 672 1233 nlmue'rssrameniopmupmqusm
697 1159 773 1206 molet
782 1161 873 1207 mulier
881 1160 938 1220 illa,
949 1174 1003 1222 quae
1014 1161 1168 1209 adsumetur:
1176 1162 1229 1209 Una

159 1237 180 1274 ss
191 1236 237 1284 sp.
250 1235 348 1277 names.
358 1246 409 1274 eum
418 1247 462 1274 non
472 1242 558 1276 lausum
572 1240 616 1278 ciro
624 1241 672 1278 lar-
697 1227 778 1288 enim,
788 1229 882 1289 inquit,
899 1232 1046 1287 adsumetur,
1064 1230 1139 1277 ntimo
1156 1230 1228 1276 relies·

158 1290 243 1337 βω·
250 1289 288 1328 ⁸⁰⁴¹
296 1290 361 1327 Μ·
369 1299 407 1328 ¹¹⁰¹
415 1290 539 1337 prevenias.
695 1300 786 1354 gutlur.
796 1297 1064 1356 AdsumeturEcciesia‚
1072 1297 1228 1357 relinquetur

165 1360 304 1409 Mam
313 1361 388 1421 igitur
395 1360 447 1426 uoti
455 1362 531 1421 gratia
541 1363 578 1410 est
585 1363 670 1428 eeleri-
694 1363 827 1431 synagoga.
847 1368 893 1415 Vel
911 1380 981 1415 mens
998 1368 1061 1414 hona
1079 1367 1226 1425 adsumitur,

136 1434 175 1480 tas
183 1431 325 1478 solutionis.
334 1430 448 1490 Deniqm
459 1430 580 1479 numiam
591 1432 670 1480 illium
696 1430 805 1493 improba
824 1437 1013 1497 derelinquitur.
1024 1437 1056 1483 Ut
1066 1435 1128 1483 scias
1142 1435 1226 1483 autem

137 1512 209 1547 unm
228 1499 262 1546 ad
275 1499 446 1547 holocaustum
462 1499 544 1558 iussus
562 1501 669 1563 offerre,
694 1503 751 1562 quia
761 1506 787 1551 et
796 1504 917 1551 turnum
928 1505 954 1551 in
964 1504 1085 1551 christum
1100 1503 1225 1550 credidits

136 1569 251 1629 nonpost
258 1567 322 1627 dies,
330 1568 588 1617 utCainobtulit2sed
596 1585 669 1619 exur-
694 1570 831 1631 Abrohom,
848 1572 942 1634 inquit,
952 1575 1012 1620 dem
1030 1586 1107 1620 eneam
1123 1573 1190 1628 vidit,
1202 1575 1224 1619 ct

136 1650 192 1697 geas
201 1650 273 1684 ncnc
283 1638 365 1684 strooat
375 1638 468 1686 minum
477 1651 560 1696 mm,
572 1642 593 1686 ct
603 1641 669 1687 ndlii-
694 1634 784 1700 gerim
803 1646 845 1690 est.
857 1643 887 1689 Et
898 1643 940 1702 qui
950 1641 1034 1700 ,eredit
1048 1641 1074 1686 in
1085 1639 1223 1697 Christum,

138 1706 186 1754 isit
199 1719 280 1755 mm
298 1708 355 1754 duos
367 1720 451 1767 pueros
456 1740 465 1765 ,
476 1710 497 1755 cl
512 1710 581 1756 lanae
594 1710 669 1768 filium
694 1708 948 1767 creditetinl‘atrem.
958 1711 987 1755 Et
996 1709 1039 1769 qui
1051 1702 1161 1768 perlecta
1170 1720 1223 1756 cre·

136 1776 450 1836 malmudarium
460 1775 667 1835 ndioloooustum,
693 1778 730 1825 dit
742 1778 767 1826 in
779 1779 892 1839 Patrem,
905 1780 983 1827 credit
994 1780 1020 1825 in
1033 1778 1122 1824 Filium
1133 1779 1158 1825 et
1166 1777 1222 1838 Spi-

135 1858 233 1906 sugens
244 1844 316 1901 odiit,
325 1846 417 1892 eivenit
427 1846 458 1892 od
468 1847 545 1892 locum
557 1860 625 1906 quem
632 1849 668 1895 di-
692 1849 767 1896 ritum
786 1849 905 1896 sanctum.
927 1850 986 1895 'ires
1006 1859 1064 1907 ergo
1082 1859 1221 1906 mensurae,

136 1917 206 1962 mi
216 1915 242 1961 ei
250 1916 314 1961 Deru
319 1945 328 1970 ‚
339 1914 375 1960 die
386 1915 464 1961 lertio.
475 1914 555 1960 Primo
566 1914 667 1963 adverte
693 1929 741 1965 una
753 1917 879 1979 similago,
890 1918 936 1964 hoc
953 1917 1005 1975 est,
1023 1928 1099 1963 unum
1114 1916 1168 1963 erat
1183 1928 1222 1963 sa-

136 1981 668 2044 innolaturistudiummaturumatquetes·
692 1984 1221 2045 'critieiumquodvenerabiiiTrlnilati,pari

135 2051 273 2109 tinemut
283 2062 352 2098 mora
365 2051 557 2110 exspectationis
568 2049 616 2100 uon
628 2066 668 2100 es-
692 2054 797 2112 quadnm
804 2066 920 2101 mensura
926 2053 1073 2111 devotionis,
1081 2052 1220 2112 etcongrua

135 2121 191 2180 set,
207 2119 259 2167 uisi
278 2119 356 2167 donee
375 2120 503 2183 audiretur
521 2121 665 2169 oraculum:
692 2123 847 2180 plenitudine
857 2122 958 2183 pietatis
968 2122 1077 2169 oblatum
1089 2122 1134 2168 est.

134 2189 226 2237 deinde
241 2188 271 2236 ut
287 2189 410 2236 sterneret
424 2189 517 2236 asinam
527 2203 610 2250 suam,
622 2191 667 2237 ols-
721 2192 761 2238 5¹.
772 2192 858 2238 Adhuc
866 2203 983 2250 cognosce
993 2190 1080 2237 celeris
1088 2189 1169 2236 studia
1177 2188 1220 2235 de-

134 2259 250 2320 suguium
265 2270 339 2305 omne
356 2259 409 2318 ipse
426 2259 577 2323 susciperet,
592 2261 617 2307 et
627 2273 667 2308 sa-
692 2258 821 2306 sotionis:
838 2260 963 2315 cucurrit,
980 2257 1079 2317 iuquit,
1095 2259 1117 2303 et
1134 2259 1220 2316 occepit

134 2328 229 2376 eridclo
243 2328 383 2397 necessaria
397 2330 562 2389 prepararet,
572 2330 666 2379 duabus
691 2328 789 2375 vituium
800 2341 872 2375 unum
885 2329 989 2374 tenerum
999 2329 1021 2373 et
1032 2325 1131 2382 mum,
1143 2327 1164 2371 et
1179 2326 1220 2370 de·

134 2409 234 2457 quom
243 2395 293 2443 sade
305 2396 331 2443 et
344 2409 389 2455 spe
402 2398 537 2446 virtutibus
548 2399 666 2446 comitan-
690 2397 723 2443 dit
730 2410 811 2456 puero,
817 2399 839 2443 et
847 2396 963 2455 festinavit
969 2394 1045 2453 tmere
1053 2406 1114 2441 eum.
1121 2389 1219 2452 Ubique

134 2465 215 2526 tibus,
225 2466 332 2513 hosfium
342 2478 410 2513 suam
421 2467 537 2526 duceret,
546 2467 576 2514 de
585 2470 666 2527 poles·
691 2464 795 2526 impigra
806 2466 921 2522 devotio,
941 2464 967 2511 et
977 2464 1032 2510 ideo
1044 2464 1095 2510 lieo
1107 2461 1154 2508 luit
1163 2474 1219 2508 mu-

134 2535 184 2582 tate
195 2534 243 2581 uei
254 2536 351 2593 cerins,
362 2534 388 2581 et
396 2535 427 2582 de
436 2535 546 2582 bonitate
555 2537 663 2584 securus.
691 2547 736 2595 uus
751 2535 805 2592 ejus
822 2533 960 2594 acceptum.
977 2532 1060 2579 Habes
1070 2533 1095 2578 et
1106 2530 1178 2589 aiibi,
1191 2531 1218 2577 ut

162 2603 204 2651 50.
220 2602 293 2661 Quod
309 2602 393 2649 autem
409 2603 458 2661 ait,
473 2605 509 2650 die
526 2605 609 2663 tertin3
624 2606 664 2651 sel
689 2604 747 2651 solis
766 2606 847 2651 ortum
868 2602 977 2650 oratioue
997 2601 1133 2661 praevenias
1149 2613 1155 2645 :
1174 2602 1218 2648 0⁶-

133 2672 198 2734 gnod
210 2671 327 2719 continua
338 2683 391 2719 esse
409 2672 499 2718 debeat
509 2672 535 2718 et
545 2675 665 2731 perpetua
690 2686 772 2730 curre,
786 2673 881 2733 inquit,
893 2674 923 2719 nd
935 2673 990 2719 solis
1001 2675 1086 2718 ortum.
1100 2670 1180 2716 Habes
1191 2669 1217 2715 in

133 2742 241 2790 devotio.
254 2741 416 2801 'l'ripartitum
429 2743 468 2789 est
478 2742 545 2788 euim
555 2744 664 2803 tempus,
690 2741 819 2798 Evangelio
835 2741 959 2789 dicentem
971 2739 1096 2786 dominum
1111 2739 1195 2784 iesum
1208 2751 1215 2782 ε

134 2811 301 2872 maieritum,
317 2823 424 2871 presens
435 2811 460 2858 et
476 2809 596 2858 futurum.
612 2813 664 2870 Quo
689 2810 786 2857 Zocltoee
800 2811 912 2869 testinans
929 2810 1044 2857 descende
1056 2808 1085 2854 El
1101 2807 1144 2853 ille
1157 2807 1215 2867 quia

136 2877 665 2938 admonemurquodnecpraeteritorumbe-
690 2877 935 2938 impetraveratquod
944 2877 1050 2935 volebat,
1059 2876 1216 2923 ulchrislunr

137 2948 279 2997 tedmarum
295 2948 362 3006 Dei,
377 2949 417 2995 lei
434 2948 607 3008 praesentium,
624 2951 664 2997 vel
690 2946 801 3005 videret3
819 2949 845 2995 et
861 2946 967 3005 amplius
982 2945 1171 3004 impetraverat,
1188 2945 1217 2991 ut

135 3016 272 3064 inlusarum
280 3017 392 3076 irrepere
404 3015 495 3063 debeat
503 3016 554 3062 ulla
562 3015 664 3076 oblivio,
689 3015 817 3062 videretur
826 3017 852 3063 et
862 3015 991 3061 vocaretur
1001 3026 1015 3059 a
1025 3010 1134 3069 Christo,
1148 3011 1216 3059 iesti-

133 3085 262 3134 sedtcuax
269 3085 354 3144 gratiae
365 3084 483 3131 memoria
494 3096 664 3145 perseverare,
690 3093 750 3128 naus
762 3082 904 3139 descendit,
915 3082 940 3127 et
951 3080 1052 3138 excepit
1068 3078 1137 3124 iilum
1155 3093 1217 3137 gau-

132 3154 313 3204 ctobedieutia
329 3166 379 3202 uon
397 3154 492 3201 deesse.
510 3153 555 3201 Vel
570 3153 629 3212 quia
644 3154 665 3201 is
690 3152 763 3209 dens3
773 3152 799 3198 et
807 3151 862 3197 ideo
871 3148 1111 3209 probavitDominus
1119 3148 1173 3204 ojus
1181 3148 1218 3194 ai·

131 3226 175 3287 gui
184 3225 322 3283 sacrificat,
334 3224 361 3271 in
373 3236 450 3270 unum
461 3223 665 3283 splendorem,in
690 3218 796 3279 tectum,
813 3220 839 3266 et
856 3229 913 3266 eum
924 3217 999 3265 celeri
1017 3217 1216 3264 remuneratione

132 3306 207 3343 uam
217 3295 303 3342 lucem
314 3292 406 3340 debeat
415 3292 517 3339 credere
528 3292 663 3340 Trinitatis.
689 3289 790 3337 donarit
798 3288 883 3336 dicens
894 3300 901 3332 s
914 3288 975 3348 Quia
985 3285 1051 3333 todie
1063 3286 1127 3334 sotus
1137 3288 1218 3334 domui

132 3363 160 3411 lii
170 3364 240 3412 enim
251 3363 296 3423 qul
307 3361 415 3409 fideliter
422 3360 556 3419 sacrificat,
565 3361 618 3408 dies
626 3361 666 3408 lu·
690 3359 742 3405 lauis
751 3359 815 3417 sucta
825 3360 866 3404 est.
879 3355 1012 3403 Festinavit
1023 3355 1089 3402 enim
1097 3353 1124 3401 et
1131 3356 1216 3402 Domi-

133 3433 192 3492 eet‚
207 3444 261 3479 uox
280 3431 350 3479 nulla
371 3429 418 3478 est.
435 3429 475 3476 stc
493 3430 519 3476 et
537 3429 563 3476 in
581 3429 665 3478 Exodo
689 3422 1045 3483 nusadhenedcium3etideo
1056 3435 1216 3483 nouexspec-

133 3501 225 3561 ldoyses
235 3500 273 3547 ait
285 3513 292 3545 ε
307 3499 379 3547 Vinus
390 3500 461 3545 trium
469 3498 559 3544 dierum
569 3499 663 3554 ibimus,
691 3496 765 3554 tavit,
776 3495 805 3542 ut
814 3493 984 3554 promitteret,
996 3493 1022 3539 et
1032 3492 1115 3553 postea
1126 3492 1215 3552 imple-

133 3569 336 3618 stimmotnbs'mus
347 3570 448 3616 Domino
459 3569 508 3614 Deo
519 3569 607 3614 nostro.
617 3566 665 3613 Sed
690 3567 728 3611 ret
739 3578 745 3609 :
759 3564 801 3611 sed
813 3565 885 3610 autea
896 3563 968 3623 tecit,
978 3563 1002 3610 ei
1013 3563 1096 3622 postea
1107 3562 1215 3608 declara-

135 3638 208 3685 cuam
222 3638 284 3685 alibi
300 3649 357 3683 cum
373 3636 441 3683 visus
456 3635 520 3703 esset
534 3635 600 3681 Deus
616 3635 665 3680 ill-
691 3634 734 3681 vit.
747 3633 817 3681 uixit
831 3633 913 3691 enim,
928 3634 1002 3679 Facto
1012 3634 1045 3679 est
1054 3632 1118 3679 solus
1130 3645 1137 3676 :
1149 3631 1214 3690 quod

136 3706 237 3753 rahaead
247 3705 334 3752 ilicem
342 3704 463 3750 liamlsre:
472 3705 616 3763 Respiciens,
625 3704 664 3749 in·
690 3704 775 3762 utique
786 3702 961 3762 praevenientis
973 3700 1035 3759 tuit,
1050 3712 1099 3746 nou
1112 3699 1215 3758 promit·
1312 3757 1316 3764 .

137 3775 199 3835 quit,
211 3773 336 3824 Abrohom
351 3773 422 3820 oculis
432 3773 480 3820 suis
495 3773 551 3819 cidit
558 3803 565 3829 ,
584 3775 604 3818 el
616 3785 665 3819 ecce
691 3771 774 3819 lentis.
785 3771 868 3819 iustus
880 3771 955 3830 igitur
966 3769 1048 3818 votum
1063 3780 1133 3814 suum
1149 3766 1215 3812 cele-
