2676 4800
132 463 160 507 l0
515 457 645 503 sancet
666 454 840 499 nunnosll

129 537 656 600 videturdelococredere,videlenolorle
682 536 729 583 Dei
749 537 774 583 et
798 534 951 596 protectione
974 532 1137 593 vlsllabalur,
1160 549 1218 596 qum

127 609 254 658 volatilem
265 610 355 657 terram
375 608 511 655 debeamus
521 607 657 663 aetimare,
682 604 807 652 bominem
818 615 867 651 nun
883 602 1006 662 habebat,
1022 603 1124 662 propter
1138 616 1218 664 quem

127 691 181 739 qum
192 675 657 734 nonhabenslundameutvun,alarum
683 674 800 721 Dominus
817 672 954 733 respiceret
972 672 999 718 in
1023 674 1129 729 terram,
1149 672 1219 720 sicut

127 747 239 807 remigiis
256 746 461 806 suspendebatur.
477 745 548 792 Unde
560 757 617 803 ergo
633 743 656 790 ei
682 743 800 802 scriptum
818 743 877 791 estc
892 743 1008 791 Domioau
1026 743 1127 802 respexit
1146 754 1220 801 super

127 817 179 863 alas
196 827 337 874 sumemus,
352 816 400 863 nisi
418 814 480 862 loris
499 816 548 861 buc
559 813 657 861 derive·
680 813 739 869 filius
749 811 1219 870 bominum,ulaidecetsicalioleltipcns

79 911 81 918 ·
126 898 182 933 mus
191 885 329 945 propbelici
340 885 461 932 sermonis
473 882 658 943 interpretatio·
681 883 855 942 eutrcpuireaa
870 879 964 928 Deum?
989 880 1020 926 Et
1037 878 1098 927 alibi
1113 877 1218 926 aittlle

126 951 657 1014 nem:Apenaisterroeprodioiaaudieimusl
681 952 736 997 coelo
750 950 870 1008 jaculatus
887 952 920 997 est
931 949 1065 1008 judicium:
1083 951 1148 995 terro
1167 950 1219 995 tre·

126 1025 156 1070 m
167 1024 229 1071 illud
240 1037 247 1070 τ
259 1025 301 1073 Voe
317 1027 385 1071 ieme
397 1026 491 1070 aecium
500 1021 598 1082 pensam?
610 1022 657 1068 Sed
681 1021 766 1066 mullet
774 1021 865 1079 quierit.
874 1019 904 1065 Et
912 1018 1000 1065 merito
1008 1016 1217 1076 invisibilisquia

126 1091 202 1139 bocsi
218 1092 382 1151 accipiamus,
393 1091 420 1137 in
431 1104 478 1151 quo
490 1090 547 1138 acie
559 1085 657 1137 volabat
681 1087 854 1145 incomposita,
872 1099 927 1146 quae
944 1085 1047 1146 figuram
1062 1086 1088 1132 et
1104 1085 1216 1146 speciem

126 1159 211 1207 terra?
226 1161 285 1207 Sine
300 1171 358 1206 aere
369 1161 438 1206 enim
449 1161 532 1206 volare
550 1170 600 1205 non
614 1170 656 1217 po
681 1157 859 1213 congruentem
874 1154 955 1201 adbuc
979 1166 1029 1201 non
1052 1155 1183 1213 acceperat
1201 1164 1215 1199 a

125 1231 203 1290 terat,
215 1230 258 1278 sed
269 1242 313 1277 aer
323 1229 404 1276 adbuc
416 1241 469 1276 esse
483 1239 533 1274 riou
543 1226 655 1286 peterat.
681 1223 779 1281 proprio
790 1223 926 1270 conditore.

125 1298 184 1356 quia
196 1311 244 1345 non
256 1299 310 1346 erat
319 1298 373 1344 sine
384 1309 467 1344 rerum
485 1296 589 1344 materia
604 1295 656 1342 ele·
711 1291 750 1338 27.
761 1292 791 1338 m
800 1291 901 1339 tortasse
911 1290 995 1338 dicam
1003 1304 1011 1338 ι
1019 1291 1066 1338 Cur
1075 1290 1216 1339 enimDeus

125 1368 265 1414 mentorum
287 1367 351 1413 lacta
370 1365 511 1423 distinctio,
530 1376 585 1412 cum
604 1365 655 1422 ipsa
681 1360 744 1407 sicul
755 1360 820 1407 dixit
831 1361 856 1407 et
867 1359 931 1407 lacta
943 1360 1015 1420 sunt,
1027 1371 1078 1407 uon
1089 1358 1164 1406 simul
1175 1371 1216 1407 or·

126 1435 207 1483 adbuc
227 1436 351 1482 elementa
368 1434 431 1481 lactu
447 1446 496 1480 non
507 1432 597 1481 essent.
609 1433 655 1479 Ubi
680 1430 753 1476 natus
769 1442 888 1489 congruos
906 1428 1092 1489 assurgentibus
1113 1428 1216 1476 donavit

126 1514 184 1561 ergo
195 1503 248 1549 erat
265 1501 369 1548 materia
381 1501 428 1548 ista
446 1502 540 1546 alarum
558 1499 656 1546 sullulla
681 1499 827 1558 elementis;
838 1499 909 1558 quasi
927 1511 977 1547 uon
988 1498 1111 1560 potuerit,
1123 1497 1215 1545 coelum

125 1570 250 1630 remigiis?
268 1571 295 1616 lu
313 1581 371 1616 aere
389 1582 439 1616 non
456 1570 521 1628 erat,
538 1569 596 1629 quia
614 1581 657 1615 aer
681 1569 825 1627 insignitum
836 1568 915 1617 stellis
926 1569 1008 1616 subito
1018 1569 1047 1615 ut
1055 1568 1167 1615 creatum
1176 1568 1216 1616 est

126 1650 213 1696 corpus
225 1639 262 1685 est
276 1636 362 1683 mundi
374 1650 380 1683 a
396 1650 483 1697 corpus
501 1637 584 1684 autem
603 1649 656 1683 esse
681 1639 817 1699 refulgere,
828 1641 854 1687 et
864 1639 966 1686 lloribus
978 1651 1007 1686 ac
1019 1635 1142 1684 fructibus
1148 1637 1215 1684 terra

125 1718 208 1753 aerem
221 1707 292 1754 docel
303 1706 390 1765 lectio,
400 1708 459 1767 quia
471 1706 558 1754 emissa
569 1706 656 1765 sagitta
681 1706 782 1754 vestiri?
791 1707 873 1755 Potuit
885 1707 986 1766 utique,
997 1705 1041 1753 sed
1057 1704 1114 1752 ideo
1132 1705 1215 1766 primo

126 1772 152 1819 iu
165 1773 261 1835 locum,
272 1786 345 1835 quem
354 1775 606 1834 jaculatorintendil,
617 1775 656 1822 in·
682 1773 759 1834 lacta,
777 1776 862 1836 postea
881 1775 1015 1835 composita
1041 1773 1214 1834 declarantur-3

125 1841 192 1890 cisus
206 1856 249 1891 aer
267 1844 351 1892 statim
362 1845 389 1892 ia
407 1845 516 1905 seipsum
534 1845 656 1892 resolutus
681 1856 711 1891 ne
723 1857 782 1892 vere
801 1844 911 1893 increata
922 1849 948 1892 et
960 1845 1015 1892 sine
1026 1842 1149 1904 principio
1159 1856 1215 1891 cre·

126 1912 172 1959 est.
183 1913 229 1959 Ubi
239 1926 295 1973 ergo
307 1914 361 1961 erat
371 1914 444 1973 byle,
454 1915 502 1962 nisi
513 1915 576 1962 sorte
592 1915 656 1962 diea-
680 1913 815 1973 derentur,
826 1915 848 1962 si
858 1916 955 1974 species
971 1925 1055 1961 rerum
1065 1912 1135 1960 velut
1145 1913 1215 1973 inge·

125 1979 167 2027 tur
177 1982 282 2040 quadam
301 1983 412 2030 dementi
431 1983 584 2041 intentione,
597 1983 656 2042 quia
681 1985 772 2032 necatae
792 1984 824 2031 ab
842 1984 930 2044 initio,
952 1996 1002 2031 non
1022 1981 1106 2044 postea
1122 1981 1215 2031 additae

125 2049 152 2096 in
162 2051 214 2096 Deo
224 2051 293 2099 erat?
301 2054 363 2113 Ergo
374 2054 457 2104 Deus,
467 2052 511 2111 qui
523 2054 560 2100 est
570 2052 656 2099 invisi·
681 2053 833 2102 viderentur.
845 2053 1009 2114 lucomposita
1024 2053 1091 2100 terra
1107 2051 1215 2111 legitur,

125 2117 184 2166 bilis
194 2121 287 2168 naturae
298 2123 371 2181 atque
384 2121 549 2181 inviolabilis,
560 2121 602 2181 qul
617 2121 656 2167 lu·
681 2121 706 2169 et
726 2122 815 2171 iisdem
835 2135 849 2170 a
871 2123 1026 2183 pbilosophis
1046 2120 1213 2178 aternitatis,

125 2199 179 2234 cem
190 2189 286 2238 habitat
296 2190 490 2239 inaccessibilem
497 2191 655 2250 ,incompre
680 2191 769 2250 quibus
797 2192 881 2253 Deus,
898 2191 1039 2252 privilegiis
1064 2190 1214 2248 honoratum

125 2254 255 2305 bensibilis
266 2259 292 2306 et
302 2259 448 2318 purissimus
463 2258 576 2318 spiritus,
589 2259 655 2306 locus
681 2259 740 2319 quid
757 2260 870 2309 dicerent
885 2262 907 2308 si
923 2261 954 2308 ab
966 2260 1038 2308 initio
1049 2258 1103 2317 eius
1118 2257 1214 2317 pulcri·
1255 2275 1257 2278 ⁴

125 2327 179 2373 erni
189 2327 300 2375 materias
310 2328 455 2387 mundialis,
468 2329 494 2376 et
502 2330 555 2376 erat
565 2329 592 2376 iu
603 2329 655 2376 Deo
681 2329 739 2376 tudo
754 2329 899 2378 vernasset?
910 2331 1027 2377 Demersa
1039 2328 1109 2388 aquis
1119 2326 1215 2375 descri-

124 2395 212 2442 mundi
223 2397 318 2456 portio,
330 2410 386 2444 cum
401 2397 432 2444 de
446 2397 493 2444 hoc
503 2397 594 2445 mundo
605 2410 654 2445 nou
680 2398 760 2456 bitur,
772 2400 841 2446 velut
854 2400 951 2447 cuidam
963 2397 1142 2458 principiorum
1154 2409 1214 2445 suo·

124 2461 158 2510 sit
168 2475 214 2510 nec
222 2477 292 2512 meus
299 2467 454 2514 servulorum
463 2465 530 2525 ejus,
539 2467 603 2514 sicut
612 2466 655 2513 ha·
679 2479 735 2513 rum
745 2466 842 2514 addicta
849 2467 992 2528 namragio,
1002 2468 1027 2515 ct
1034 2465 1114 2515 adbuc
1125 2477 1140 2513 a
1150 2477 1212 2513 nen·

124 2530 211 2579 bemru
231 2535 351 2593 scriptum
366 2546 372 2580 :
386 2536 422 2581 De
440 2535 483 2581 boc
500 2537 587 2582 mando
607 2549 654 2581 noa
679 2535 754 2581 nullis
763 2535 827 2582 lacta
837 2548 886 2583 non
897 2537 1022 2595 creditur3
1034 2533 1094 2595 quid
1104 2535 1125 2580 si
1138 2534 1213 2582 deco·

123 2603 187 2656 seul,
198 2603 257 2648 sicul
273 2604 295 2648 cl
305 2615 346 2660 epo
356 2614 405 2648 noo
415 2615 467 2649 nam
478 2603 505 2649 de
516 2604 612 2653 muodo.
679 2614 732 2648 rem
741 2602 933 2662 primogenitum
944 2600 1095 2651 vindicaret?
1110 2600 1215 2648 Accedit

154 2666 193 2712 26.
212 2668 421 2725 Quemadmodum
441 2682 498 2727 ergo
519 2670 653 2718 invisibilia
680 2670 1213 2731 illud,quodimitatoresnossuiDcusesse

124 2734 279 2795 visibilibus,
293 2735 319 2783 et
329 2736 353 2783 el
364 2738 407 2795 qul
418 2736 531 2784 ordinem
541 2750 570 2785 ac
581 2739 655 2786 ‹leco-
679 2739 771 2796 voluit,
779 2739 807 2784 ut
815 2739 895 2799 primo
902 2739 1022 2787 iaciamus
1028 2738 1215 2798 aliqua,posteu

124 2816 178 2851 rem
189 2804 290 2852 donavit
299 2805 427 2864 omnibus,
443 2805 603 2865 incomposita
614 2821 654 2856 co-
679 2808 853 2865 venustemus,
868 2808 974 2856 nedum
993 2808 1067 2856 simul
1077 2808 1212 2866 utrumque

124 2871 290 2933 pulabanturt
300 2873 348 2920 nisi
360 2873 485 2934 forleeuia
492 2874 570 2932 dixit,
581 2879 655 2924 Terra
679 2874 816 2933 adorimur,
828 2877 947 2923 neutrum
957 2877 1079 2937 possimus
1094 2874 1212 2934 implere.

124 2943 203 2988 aulon
211 2943 261 2988 erat
269 2942 396 2991 invisibilis.
404 2944 433 2989 m
441 2943 592 2991 invisibilem
600 2957 653 2991 eam
680 2943 751 3003 Fides
761 2946 845 2991 autern
853 2947 935 2992 nostra
946 2945 1052 3005 quodam
1059 2943 1136 3004 gradu
1145 2955 1215 2990 cres-

124 3022 169 3070 per
179 3010 340 3058 substantiam
352 3012 467 3072 credanl;
479 3013 505 3060 et
523 3013 580 3061 ideo
597 3015 654 3074 quia
679 3011 722 3058 eit.
743 3013 800 3060 ldeo
815 3014 895 3073 primo
907 3013 967 3061 lecit
977 3015 1059 3073 Deus,
1074 3013 1160 3074 postea
1170 3024 1214 3060 vc·

124 3081 195 3140 aquis
206 3081 305 3140 operta,
317 3081 425 3129 visibilis
436 3081 559 3142 comoreis
577 3083 655 3131 oculis
678 3080 801 3142 nustnvit,
811 3084 838 3129 ut
849 3083 964 3130 eumdem
975 3083 1104 3131 credamus
1112 3094 1213 3130 amasso

124 3163 178 3198 csse
188 3162 239 3198 nou
257 3152 366 3211 poterat,
385 3151 590 3212 quemadmodum
602 3153 655 3212 ple·
679 3151 721 3208 qui
733 3150 806 3212 lecit,
816 3152 842 3199 et
854 3152 942 3200 iecisse
953 3153 995 3212 qui
1007 3153 1119 3209 ornavit3
1131 3163 1163 3198 ne
1175 3152 1213 3198 al-

123 3231 199 3280 raque
211 3219 237 3267 in
247 3219 369 3280 profundo
376 3232 493 3280 aquarum
502 3219 562 3280 sita,
574 3220 653 3269 visum
680 3221 760 3266 lerum
770 3220 887 3280 putemus
897 3233 1009 3282 ornasse,
1023 3222 1130 3269 alterum
1141 3232 1213 3266 crea-

124 3291 265 3351 oculorum,
284 3290 412 3351 aciemque
430 3289 587 3350 praelereant.
602 3285 655 3339 Non
679 3288 744 3336 visse
756 3302 763 3335 a
775 3289 1213 3352 sedeumdemutrumqueesseope-

124 3358 191 3405 enirn
202 3360 255 3406 Deo
265 3360 361 3419 aliquid
376 3359 516 3420 invisibile,
531 3357 575 3407 sed
585 3372 655 3409 crea·
679 3358 774 3418 ratum3
784 3359 813 3405 ut
824 3359 903 3418 primo
922 3359 1029 3419 laceret,
1040 3360 1125 3421 postea
1143 3371 1213 3405 com·

123 3429 180 3473 tura
198 3427 283 3475 muudi
302 3431 422 3476 creaturas
441 3428 529 3488 utique
548 3429 655 3477 aestima-
680 3427 795 3488 poneret,
807 3430 835 3475 ut
845 3428 950 3476 alterum
967 3431 1044 3476 altero
1057 3427 1211 3476 crederetur.

123 3497 192 3544 tione
202 3498 325 3543 censetur.
337 3497 473 3547 invisibilis
484 3497 560 3546 etiam
572 3500 653 3558 terra,
679 3494 759 3543 llabes
775 3497 800 3542 in
816 3497 949 3555 Evangelio
965 3498 1039 3556 hujus
1055 3497 1092 3544 rei
1108 3495 1213 3543 evidens

123 3566 181 3624 quia
189 3564 299 3612 nondum
309 3565 416 3625 luxque
424 3566 577 3615 illuminaret
585 3579 655 3615 mun-
680 3565 856 3612 testimonium.
875 3566 936 3612 llam
958 3568 1121 3615 suscitaturus
1138 3567 1213 3612 laza·

124 3634 197 3692 dum,
215 3633 326 3682 nondum
336 3635 386 3685 sola
404 3637 489 3697 postea
504 3637 570 3684 euim
582 3636 656 3684 lumi·
678 3646 734 3680 rum
745 3634 962 3694 Dominus,1'ussit
974 3637 1088 3684 utludaei
1098 3647 1212 3684 remove·

124 3702 194 3749 naria
205 3701 269 3749 lacta
279 3704 337 3751 sunt
347 3703 412 3751 coell.
423 3704 492 3764 Quod
510 3705 530 3753 si
542 3705 600 3752 solis
614 3717 654 3752 ra·
679 3705 735 3750 rent
745 3704 853 3764 lapidem
866 3706 896 3752 de
908 3705 1036 3765 sepulcro,
1047 3705 1076 3751 ut
1087 3707 1210 3752 mortuum

124 3771 180 3818 dius
196 3772 342 3831 plerumque
354 3774 429 3822 etiam
445 3774 515 3836 aquis
526 3775 611 3834 operta
623 3775 655 3821 il·
680 3773 808 3832 videntes,
824 3773 908 3833 postea
929 3773 1103 3825 resuscitatum
1124 3773 1211 3820 crede-

110 3838 244 3899 ›luminat,
256 3842 283 3889 et
298 3842 419 3900 profundo
429 3855 509 3890 mersa
524 3842 653 3902 splendore
679 3844 743 3890 rent.
762 3842 858 3890 Deinde
869 3843 966 3891 vocavit
985 3843 1117 3898 Lazarum,
1129 3844 1155 3889 et
1171 3854 1210 3889 re-

124 3908 224 3957 luminis
237 3911 275 3958 sui
291 3911 385 3971 pradil3
394 3913 450 3973 quis
457 3911 555 3960 dubitet
563 3911 614 3960 Deo
625 3925 654 3960 ea
679 3911 800 3970 surrexit,
812 3911 838 3959 et
849 3909 930 3971 ligulis
941 3911 1056 3958 manibus
1067 3914 1092 3959 el
1103 3909 1210 3971 pedibus

123 3989 177 4036 qum
188 3978 214 4026 in
229 3980 349 4040 profundo
362 3981 433 4040 sunt,
450 3980 585 4027 invisibilla
601 3994 653 4029 esse
680 3979 743 4026 exiit
760 3978 832 4027 laras.
855 3982 942 4027 lloune
962 3981 1060 4040 poterat
1080 3991 1210 4026 removere

122 4056 171 4092 riou
183 4060 266 4109 posse,
277 4049 326 4098 nisi
337 4051 400 4097 lorte
411 4050 446 4097 sic
456 4048 605 4107 accipiamus
614 4048 654 4096 in·
679 4047 799 4110 lapidem,
813 4049 855 4110 qui
878 4050 975 4110 poterat
991 4049 1116 4096 manuum
1132 4047 1211 4096 susci·

124 4115 248 4166 visibilem
263 4120 368 4178 terram,
384 4117 449 4178 quod
460 4117 566 4167 nonduin
579 4119 653 4170 verbo
681 4116 782 4166 larelbt
793 4118 834 4179 qui
847 4118 927 4180 poluit
937 4117 1052 4168 deluucto
1067 4116 1143 4166 vllam
1155 4115 1209 4164 resl-
