2676 4800
443 415 692 480 HBXAEMERQN
711 416 814 463 arnse
833 417 882 461 lli.
1177 416 1206 464 ab

132 494 293 558 stepelinus
303 495 349 544 rel
359 495 456 545 renites
465 497 588 546 doceatur
597 511 654 557 sup
681 499 827 545 exercitium
842 495 1014 556 continentiae,
1032 498 1156 559 maritatis
1167 512 1205 548 se·

134 567 263 627 rumenel
274 563 428 614 auctoritas.
437 568 513 614 llulta
526 567 594 614 enim
606 578 654 613 non
679 566 870 626 cessus,portus
877 566 1031 624 securitatis,
1042 566 1205 628 tranquillitas

135 631 195 681 nime
210 646 225 681 a
243 633 417 694 Septuaginta
437 634 499 682 uiris
529 633 655 682 hebraicae
678 634 776 693 auruli,
796 635 879 681 mundi
898 635 972 693 buius
995 635 1130 694 sobrietas,
1152 638 1205 684 tum

136 697 653 763 htiniadditaetadrunctaeomperimus.
679 701 1205 764 fidelibusririsatquedevolisincentirum

155 768 568 832 alxurterqoneusqmabonem
576 782 653 816 mare.
677 769 829 831 deuotionis,
847 774 875 819 ut
896 785 952 820 eum
975 773 1096 820 undarum
1113 773 1205 821 leniter

139 831 257 902 Upelrra
273 842 310 890 sit
320 840 427 902 speeies
436 839 511 899 buius
519 839 652 897 elementi,
677 839 824 887 alluentium
833 853 892 887 sono
899 843 996 889 certent
1003 844 1089 890 cantus
1099 843 1205 902 psallen-

140 907 168 957 tal
180 923 230 959 m
247 911 419 972 surgentibus
429 909 536 957 umescit
547 909 654 955 cumulis
678 906 754 967 tium,
765 909 885 968 plaudant
895 909 981 959 insulse
997 911 1131 970 tranquillo
1143 910 1205 958 ssuc-

140 980 283 1028 trrrrtieibus
292 980 439 1037 undarum,
448 978 475 1025 et
486 979 570 1025 cautes
580 978 653 1023 nivea
676 976 745 1021 tuum
754 979 892 1024 sanctorum
899 977 973 1026 choro
982 1013 989 1037 ,
998 979 1097 1038 hymnis
1107 981 1204 1026 sancto-

139 1050 337 1110 mtasperssine
348 1083 356 1108 ,
367 1048 411 1098 rel
419 1059 479 1095 cum
488 1058 585 1106 aequore
594 1046 652 1093 cris·
676 1056 731 1089 rum
749 1048 891 1104 personent.
905 1048 975 1095 Unde
991 1048 1052 1094 mihi
1064 1049 1092 1095 ut
1104 1061 1204 1095 omnem

137 1117 416 1176 ntimlemenfioribus
427 1116 511 1174 auris,
522 1118 549 1163 et
562 1115 652 1161 blando
676 1114 756 1174 pelagi
776 1116 970 1174 pulcritudinem
997 1117 1204 1176 eomprehendam

136 1192 210 1233 mua
223 1185 419 1246 tranquillitatis
430 1183 651 1245 purpurascentem
675 1182 1206 1244 quamviditoperatertthuidpluratQuid

134 1251 352 1314 mmmm,
368 1252 415 1314 qul
428 1251 528 1299 eminus
538 1253 651 1312 spectan-
675 1248 742 1295 aliud
754 1250 796 1296 ille
809 1251 1070 1298 concentusundarum
1080 1252 1142 1310 ,nisi
1151 1252 1206 1311 qui·

132 1316 191 1368 {bt
207 1319 350 1381 tuemur
377 1319 531 1378 offunditur,
554 1318 651 1377 quando
675 1315 731 1362 dam
747 1320 881 1366 concentus
896 1321 933 1366 est
951 1319 1047 1379 plebisi
1060 1320 1128 1366 Unde
1139 1320 1204 1367 bene

130 1392 173 1435 ΙΙ
191 1388 307 1437 violentis
325 1389 446 1437 tutibus
468 1388 549 1436 risina
569 1388 651 1435 tundit
674 1386 737 1431 mari
748 1386 896 1447 plerumque
910 1390 1065 1448 comparatur
1080 1390 1204 1447 Ecclesia,

130 1454 216 1516 Una,
227 1457 275 1506 sed
287 1459 355 1506 reiut
364 1457 480 1518 pacibeis
489 1457 566 1504 ambit
577 1458 603 1503 et
613 1469 651 1502 sa-
674 1466 729 1511 quee
739 1455 819 1514 primo
838 1456 999 1516 ingredientis
1009 1458 1094 1518 populi
1106 1457 1204 1517 agmine

130 1523 184 1572 flat
195 1527 369 1588 amplexibus,
380 1538 458 1588 quam
474 1525 553 1572 dulcis
563 1535 649 1582 sonus,
675 1522 733 1569 totis
744 1524 873 1571 vestibulis
882 1526 959 1572 undas
970 1527 1063 1573 vomit:
1076 1525 1165 1574 deinde
1177 1525 1204 1571 in

129 1606 191 1655 m
201 1595 330 1655 iucundus
349 1596 446 1657 tragor,
458 1606 532 1654 quam
547 1595 614 1652 grata
626 1593 650 1639 et
675 1591 784 1639 emtione
802 1593 878 1640 totius
892 1594 973 1653 plebis
990 1593 1114 1654 tamquam
1130 1594 1205 1641 undis

129 1663 650 1724 cummutatiomgoumennonocuns
675 1659 837 1707 refluentibus
851 1662 954 1720 stridet,
971 1671 1028 1706 cnm
1044 1661 1204 1723 responsoriis

127 1734 261 1784 &natam
274 1731 649 1790 cmimaeeccoremarmuor3
675 1728 1202 1789 psalmorumcantmvirorummuttemm,

126 1801 305 1852 flmmeum
315 1804 441 1851 rationem
454 1800 603 1861 operationis
612 1800 651 1857 iu·
675 1795 814 1858 virginum,
827 1801 1004 1862 parvulorum,
1022 1810 1140 1846 consonus
1158 1811 1203 1844 un-

126 1867 649 1932 mmmmmnvenucptcongmem
675 1863 761 1911 darum
777 1866 857 1926 iraqor
868 1870 978 1919 resultat.
993 1871 1054 1920 liam
1071 1869 1132 1915 illud
1143 1866 1203 1927 quid
1217 1889 1222 1903 ·

125 1935 254 1986 ffificn,
675 1931 768 1992 dicam,
778 1935 843 1993 quod
856 1937 919 1983 unda
932 1940 1061 1997 peccatum
1071 1935 1166 1994 abluit,
1178 1938 1204 1982 et

150 2003 188 2051 Β.
197 2007 291 2053 bonum
300 2005 379 2067 igitur
386 2015 468 2061 marc,
477 2002 584 2062 primum
593 2000 650 2060 quia
674 2001 752 2046 sancti
760 2000 865 2060 Spiritus
873 2016 931 2050 aura
943 2005 1056 2052 salutaris
1066 2003 1176 2063 aspirati

126 2074 196 2118 laruas
221 2072 365 2121 necessario
395 2068 506 2117 sutiuleit
533 2067 649 2126 humore,
705 2068 744 2116 21⁸.
760 2071 807 2117 Det
825 2073 895 2120 nobis
911 2074 1030 2120 Dominus
1048 2073 1090 2119 illa
1108 2083 1204 2118 sucees-

124 2138 350 2200 quibupcrvenas
358 2138 478 2200 quasdam
489 2135 586 2183 occulte
597 2148 650 2182 suc·
675 2148 746 2186 auum
762 2140 863 2188 llumina
874 2155 991 2202 prospero
1007 2142 1073 2202 liqno
1089 2153 1202 2200 currere,

127 2218 178 2255 au
189 2209 322 2270 quemdam
339 2207 408 2255 baud
424 2206 540 2254 inutilem
558 2205 650 2251 submi·
676 2205 728 2252 tuto
735 2211 807 2266 portu
814 2209 1204 2271 consistere,nequitiaespiritnlis

125 2277 320 2327 istratum
331 2290 420 2337 mare,
433 2277 558 2336 tamquam
569 2273 651 2332 hospi·
675 2274 785 2328 maiora
801 2289 873 2334 quam
886 2277 950 2325 terre
969 2291 1112 2337 pessumus,
1125 2277 1203 2324 tentu-

124 2346 329 2407 undenorum,
337 2343 650 2403 lonsimbrium,derivatio
676 2343 758 2388 menta
765 2346 870 2404 nescire,
880 2345 936 2392 tidei
947 2346 1057 2404 ignorare
1067 2343 1202 2401 neutraqin,

125 2414 650 2473 alluvionum,inrcctiocommeatumque
676 2407 767 2455 babere
776 2423 862 2469 pacem
872 2412 1031 2470 protundum:
1044 2412 1099 2458 etsi
1108 2412 1203 2469 quando

125 2481 174 2528 sibi
190 2482 404 2543 uiuentespcputt
421 2481 585 2541 copulantur,
603 2492 650 2539 quo
676 2476 770 2536 aliquid
788 2480 837 2537 sit,
854 2479 918 2540 quod
938 2492 1024 2539 graves
1040 2479 1203 2524 nobissaeeuli

126 2550 264 2608 pretiorum
278 2551 441 2598 removentur
458 2547 587 2608 pericula,
603 2559 651 2606 quo
675 2544 751 2602 buius
762 2547 856 2594 excitet
872 2547 976 2607 tluctus,
986 2547 1147 2607 evigilantem
1161 2558 1205 2605 pro

127 2620 264 2667 tartaricus
277 2621 344 2668 turer
363 2618 503 2675 clauditur,
515 2615 651 2664 subsidium
677 2615 746 2662 nobis
762 2616 854 2663 habere
875 2618 1064 2677 gubernatorem
1080 2618 1203 2665 dominum

129 2687 354 2749 mneccmtatibus,
361 2688 487 2748 retugium
495 2684 651 2746 impatientis,
676 2684 774 2745 lesum,
785 2686 827 2746 qui
844 2688 919 2734 verbo
935 2687 1054 2747 imperet,
1069 2688 1203 2747 tempesta·

130 2759 199 2815 petia
210 2759 431 2819 iaroluptatibus,
443 2754 573 2802 salubritas
587 2755 652 2800 vale·
677 2754 727 2799 tem
739 2754 850 2815 mitiget,
862 2754 1065 2815 tranquillitatem
1077 2759 1152 2805 maris
1162 2770 1201 2805 re·

131 2825 227 2887 batiuis,
248 2828 419 2888 separatorum
440 2825 593 2884 conjunctio,
608 2824 652 2870 iti·
678 2820 776 2880 tundat,
793 2823 833 2869 cui
849 2825 887 2871 est
901 2823 978 2870 honor
994 2827 1019 2871 et
1034 2825 1125 2883 glorie,
1136 2826 1202 2883 laus,

131 2896 189 2942 betis
212 2895 404 2957 compendium,
426 2893 590 2950 trausiuqium
615 2892 652 2938 la·
677 2891 1201 2953 perpetuitasaeaeeulisetnuncetsemper,

132 2959 278 3024 bemilam,
303 2963 446 3011 subsidium
470 2961 651 3020 vectigalium,
677 2958 1153 3009 inomuiaseculasaeculomm.tmen.

132 3033 258 3080 mutuus
277 3035 438 3081 alimentum.
456 3033 492 3078 Ex
507 3030 553 3077 hoc
568 3031 651 3090 pluvia
900 3055 965 3068 —-

132 3099 154 3146 in
170 3107 247 3150 terras
262 3102 464 3159 tramiunditur3
483 3098 605 3160 siquidem
621 3098 651 3145 de
837 3107 963 3159 CAPUT
981 3107 1036 3155 vl,

99 3210 101 3221 ·
131 3168 650 3250 ufifflnffiiswnfhafflnfff’etquod
677 3198 753 3236 Terrae
767 3208 826 3236 ruam
839 3198 1036 3249 speciem,quaein
1050 3195 1203 3245 germinatione

131 3238 220 3285 mune
230 3241 441 3300 ‘luensnpltuf
450 3251 456 3283 ²
464 3235 554 3284 dsslssde
561 3236 652 3297 (111ῧῦῘο
698 3263 722 3290 ae
733 3253 840 3290 viriditate
852 3253 916 3300 posita
927 3257 968 3297 eet,
977 3249 1126 3298 percommode
1141 3250 1202 3286 addi-

132 3307 205 3354 {ttius
229 3309 353 3369 elevatur,
380 3309 450 3356 tanto
472 3307 550 3366 magis
577 3305 651 3353 eiiam
699 3310 742 3343 lam
758 3316 895 3350 esseruoeem
910 3307 947 3342 llci
963 3304 1105 3341 ioeeunditalts
1120 3313 1203 3339 causam

132 3376 230 3423 dubium
252 3376 438 3426 obmubrattcne
468 3373 598 3435 frigescit,
627 3373 652 3420 01
698 3359 871 3407 preberezquod
885 3357 974 3404 quidam
984 3357 1031 3394 solis
1048 3355 1114 3392 calori
1127 3364 1203 3403 poi-1».

133 3442 205 3494 ἰὼ
224 3446 268 3507 ⁶¹2
295 3449 340 3507 (tui
360 3459 412 3494 non
430 3444 508 3492 solum
531 3445 652 3489 terrcnnm
699 3423 746 3451 ‘²¹¹²
755 3411 956 3460 sceeprumrmnt,

134 3511 244 3574 henr
257 3513 469 3575 salutemet
480 3511 556 3559 ettam
567 3511 651 3570 jerem
876 3490 1004 3532 scnuov.

134 3582 327 3631 mmm&
705 3575 744 3623 sa.
766 3575 927 3622 Discessere
943 3584 1021 3633 aquo,
1042 3573 1204 3620 conveniebat

157 3650 192 3698 Ε.
208 3653 273 3712 Quid
293 3662 441 3700 enumerem
460 3647 575 3706 insulas,
593 3660 653 3706 quas
677 3646 703 3691 ut
723 3645 819 3705 species
835 3645 907 3689 terrm
923 3641 1023 3688 daretur
1033 3641 1058 3688 et
1069 3642 1162 3699 gratia,
1175 3641 1203 3688 ut

138 3719 192 3768 ruer
199 3723 304 3770 monilia
320 3723 472 3782 plerumque
484 3714 615 3778 protexit,
627 3717 651 3762 in
677 3710 1202 3770 invisibilisetincompositudesineretesso.

138 3789 210 3844 Ullus
223 3793 243 3838 ii
253 3791 297 3853 qui
311 3803 340 3838 se
352 3787 470 3836 abdicant
484 3786 653 3843 intemperan·
676 3785 734 3830 llam
745 3782 856 3842 plerique
871 3779 998 3828 etiamtunc
1013 3777 1155 3825 dicuntesse
1168 3777 1205 3824 in·

140 3852 298 3908 umaculatis
310 3859 452 3916 illecebris,
468 3855 518 3902 fido
530 3853 653 3900 contincn·
676 3845 1204 3910 visibile,quodspeclemnonhabet3etideo

141 3923 170 3972 5²
179 3931 299 3991 preposite
308 3928 407 3989 eligunt
416 3923 514 3975 mundo
523 3922 618 3981 latere,
629 3923 654 3969 et
677 3916 1143 3981 accipiuntterraminvisibilemluisse,
1153 3925 1202 3960 non

143 3992 259 4057 tthiujeis
270 3998 400 4046 declinare
411 3988 654 4043 dubiosannactmt
678 3991 735 4051 quia
753 3987 833 4035 videri
851 4000 899 4035 non
920 3987 1028 4046 possete
1046 3995 1142 4032 summo
1153 3984 1203 4028 Deo

142 4057 187 4111 Μ
198 4071 301 4129 mergo
317 4066 446 4118 secretum
461 4058 653 4119 temperantiae,
678 4060 719 4107 rel
734 4057 833 4117 Angelis
850 4056 916 4116 eius,
931 4066 988 4103 nam
1000 4053 1078 4103 adbuc
1090 4052 1203 4100 homiues
