2676 4800
124 363 153 411 lt
503 359 633 407 SANCTI
652 358 826 406 AMBROSH

123 448 231 510 quiante
244 432 294 494 non
310 443 395 493 tuerit.
404 444 512 491 Primum
521 442 571 502 iam
584 442 649 490 dican
675 440 797 500 legimus?
807 440 833 487 Si
851 449 954 499 magnus
964 437 1001 486 est
1016 436 1059 499 qui
1074 448 1122 496 pec
1131 435 1208 484 lorn-

122 519 175 564 sino
186 517 236 564 sole
253 515 410 563 transivimus
426 511 579 560 :secundum
596 511 649 558 sine
675 522 730 556 runa
742 510 811 556 vicos
822 509 881 555 locis
892 508 935 554 aut
951 506 1059 565 accedit,
1072 506 1116 553 aut
1131 504 1208 552 dccc-

123 585 174 631 sois
196 583 360 642 transegimus
379 594 386 627 ε
408 580 508 628 tertium
524 579 577 625 siue
598 577 649 624 sole
675 578 713 625 dit
726 575 1047 639 quotidic3quaiisiliequi
1058 574 1135 622 etiam
1147 584 1208 620 cum

123 648 272 696 confecimus
282 663 288 693 :
298 649 384 707 quarto
395 646 435 694 die
444 646 515 704 jubet
523 646 588 691 Deus
595 642 648 689 sveri
674 659 701 693 se
721 646 873 703 exinaniret,
895 645 923 691 ut
937 655 983 690 nos
997 654 1056 690 eum
1076 651 1208 701 possemus

124 716 254 762 luminaria
265 716 357 772 solem,
369 714 502 771 clinnum,
521 714 547 759 et
557 711 648 758 stellas.
675 714 776 774 videre,
788 714 842 761 erat
855 714 939 760 lumen
957 723 1059 770 verum,
1071 709 1138 773 quod
1147 708 1207 755 iliu-

123 784 163 830 Sol
183 784 287 843 incipit,
298 781 404 831 emunda
421 783 504 829 oculos
519 779 649 838 montis,u
675 782 753 828 minat
765 793 863 828 omnem
878 780 1004 826 hominem
1023 777 1167 825 venientem
1177 774 1209 823 Ιι

123 851 209 910 homo,
220 853 345 911 animique
355 851 486 898 interiores
496 850 608 907 obtutus,
617 860 649 894 ue
676 851 740 898 hunc
748 849 881 897 mundum?
890 849 915 896 sl
926 846 1152 906 praestantissimus,
1159 842 1209 905 qut

123 931 171 980 qua
182 920 275 967 festuca
285 920 380 979 peccati
391 920 470 965 aciem
479 918 516 965 tui
527 918 650 977 praestrin·
675 921 772 978 objectu
791 921 863 966 torvae
881 917 975 978 patitur
992 927 1057 976 saepe
1074 913 1205 972 deiectm

122 990 164 1049 gat
172 989 365 1048 ingenii,etpuri
374 988 453 1035 cordis
462 986 651 1044 turbotadspec·
674 989 771 1047 quantae
782 986 917 1044 majestatis
927 984 970 1044 qui
981 983 1017 1031 ait
1029 981 1208 1032 :Adtacccmct

123 1060 186 1103 turn.
198 1056 308 1104 Emundu
323 1069 421 1113 aarum,
440 1059 468 1103 ut
479 1067 536 1101 vase
554 1055 649 1103 sincero
674 1056 816 1116 eqomovclo
827 1053 931 1102 terram?
942 1053 1013 1100 illum
1023 1053 1091 1099 terra
1100 1052 1206 1099 abscon-

123 1126 255 1185 Scripturae
269 1125 359 1172 divium
377 1124 456 1172 nitida
466 1123 561 1171 fluenta
572 1123 650 1170 susci-
675 1125 726 1184 dit3
736 1125 807 1171 istius
815 1125 911 1169 motum·
919 1134 968 1168 non
975 1120 1055 1180 potest
1065 1119 1206 1177 mmtiuere,

123 1193 190 1252 pias,
200 1206 232 1240 ne
242 1207 290 1254 qua
305 1194 457 1252 ingrediatur
464 1194 650 1253 contagiol’ro-
676 1192 724 1239 nisi
734 1190 926 1248 voluntatisque
933 1187 1069 1236 substantia
1077 1186 1204 1234 fulciatur.

123 1262 190 1309 cedit
204 1262 240 1309 sol
260 1274 346 1321 magno
361 1261 448 1318 jubare
464 1261 546 1320 dimn,
564 1274 649 1321 magno
675 1262 700 1308 Si
709 1274 773 1308 caeco
781 1261 897 1307 damnum
906 1261 943 1305 est
953 1258 1026 1315 liujus
1033 1257 1092 1304 solis
1099 1255 1205 1316 gratiam

124 1328 243 1374 mundum
259 1329 384 1386 complens
400 1327 511 1385 lumine,
530 1341 650 1387 vaporans
675 1343 724 1376 non
749 1329 849 1386 videre3
870 1328 961 1387 quanto
981 1325 1059 1383 magis
1078 1321 1204 1384 peccaturi

125 1396 214 1442 calore.
221 1397 283 1442 Cave
292 1409 307 1443 o
316 1396 388 1441 homo
399 1397 474 1441 solam
484 1399 537 1452 olaus
546 1408 650 1454 perpeu·
676 1398 804 1455 damnum,
815 1395 869 1443 veri
878 1395 979 1440 luminis
989 1405 1092 1440 munere
1103 1391 1205 1440 detran-

124 1464 184 1511 dore
196 1464 405 1522 magnitudinem
419 1476 451 1509 ne
466 1464 558 1510 nimius
571 1463 651 1522 iulgor
676 1465 773 1522 datum,
786 1466 911 1525 perpetuae
923 1462 1001 1510 noctis
1019 1461 1136 1509 tenebras
1152 1473 1207 1510 suo·

125 1533 179 1589 cius
189 1534 258 1578 visus
268 1533 316 1578 tuae
327 1531 417 1578 mentis
428 1533 536 1578 obcaecct
547 1545 554 1576 z
571 1535 650 1592 utqui
676 1533 770 1581 tinere?

125 1601 251 1658 oregione
264 1599 288 1644 in
300 1598 397 1645 radium
408 1599 462 1656 cius
478 1598 599 1658 intendit,
611 1613 651 1646 ro·
706 1602 730 1647 5.
747 1603 808 1660 Ergo
829 1613 885 1646 cum
904 1598 974 1645 vides
994 1598 1085 1656 solem,
1103 1597 1210 1646 attendo·

124 1679 240 1725 percusso
251 1666 344 1712 lumine
354 1677 453 1712 omnem
463 1665 544 1713 subito
560 1667 652 1717 amittit
676 1664 1024 1726 terrnm‚quaeantciundata
1035 1663 1204 1712 csttattonde
1238 1712 1244 1726 ,

126 1736 284 1793 adspectum
302 1746 330 1781 ac
348 1735 396 1781 nisi
415 1735 441 1782 in
459 1737 559 1783 caeteras
570 1739 652 1795 partus
677 1739 778 1785 herbam
790 1738 862 1796 toeni,
872 1750 926 1796 quae
937 1736 1037 1796 praestat
1047 1735 1141 1783 ordinis
1153 1734 1206 1794 pri·

126 1804 223 1851 vultum
252 1816 323 1850 suum
349 1803 481 1863 oculosque
509 1806 651 1865 convertat,
677 1807 786 1867 vilugio:
803 1806 903 1854 attende
914 1806 996 1864 ligna,
1015 1817 1069 1863 qum
1083 1804 1206 1863 plaudunt

126 1873 267 1921 aestimatae
278 1873 341 1919 nihil
351 1873 453 1930 videre,
464 1875 489 1920 et
500 1872 586 1921 tuendi
597 1888 652 1921 mu·
677 1876 740 1935 quod
751 1876 832 1937 priora
842 1874 976 1921 luminibus
987 1873 1042 1921 cmii
1059 1871 1112 1920 osse
1123 1885 1206 1933 coepe-

126 1941 524 1989 neruossciraudatum:sivero
538 1943 653 1991 dciioctat
678 1943 744 1990 runt.
766 1941 889 2001 Numquid
913 1942 1001 1986 merita
1027 1940 1087 1986 ioeni
1112 1941 1205 1998 majora

126 2011 253 2068 obtutum,
264 2011 386 2069 integrum
397 2010 443 2057 sibi
452 2011 560 2058 osticium
571 2025 653 2072 perse·
677 2023 749 2070 quam
764 2010 839 2057 solist
851 2009 899 2055 dut
913 2006 1032 2067 numquid
1048 2007 1129 2066 potior
1144 2007 1204 2067 ligni

126 2079 204 2125 verat.
216 2078 279 2123 Cave
298 2077 418 2135 igiturne
436 2079 462 2125 et
479 2079 551 2124 tuum
571 2080 653 2126 radius
678 2076 966 2138 praerogativailibsitut
976 2077 1131 2123 insensibilia
1143 2077 1204 2124 tanti

127 2143 653 2203 oiusexoriensconiundatadspectum.Et
678 2148 786 2193 muneris
812 2144 970 2205 praeieramus
991 2144 1114 2191 ministro.
1140 2143 1205 2202 Quid

127 2212 184 2259 ideo
198 2209 455 2270 priusiirvnavnentum
474 2212 530 2258 coeli
541 2213 652 2273 adspice,
679 2214 754 2273 igitur
773 2212 887 2273 previdit
907 2210 1011 2259 altitudo
1030 2210 1159 2269 sapientias
1178 2208 1206 2257 et

127 2280 193 2341 quod
211 2281 269 2327 ante
288 2281 363 2327 solem
379 2279 470 2327 iactum
487 2285 525 2328 est
543 2284 652 2330 :terram
678 2281 787 2327 scientim
798 2280 858 2337 Dei,
869 2280 897 2325 ut
907 2279 976 2338 prius
991 2277 1131 2336 inciperent
1139 2277 1205 2336 ligna

128 2349 241 2408 adspice,
259 2362 314 2409 quae
334 2350 464 2409 antequam
482 2351 517 2398 sol
536 2353 654 2410 procede·
679 2362 746 2406 esse,
758 2363 832 2409 quam
843 2350 887 2396 ilio
902 2348 950 2394 duo
965 2347 1050 2394 mundi
1058 2347 1205 2406 luminaria,

128 2420 181 2476 ret,
198 2416 336 2477 coepitesse
349 2417 455 2465 visibilis
469 2419 543 2480 atque
555 2432 653 2480 compo-
679 2418 813 2478 etquidem
832 2417 940 2464 caelestis
957 2417 1023 2463 oculi
1040 2414 1205 2474 firmamenti3

128 2486 176 2532 sita
192 2499 199 2532 c
218 2486 328 2546 germina
344 2486 397 2544 eius
414 2487 512 2547 adspice
530 2491 652 2537 anteriora
678 2486 724 2532 nisi
736 2486 764 2533 ut
773 2485 947 2544 cognoscerent
957 2495 1041 2530 omues
1050 2482 1141 2529 divinae
1157 2485 1206 2530 tes-

128 2556 186 2602 solis
206 2555 309 2602 lumine.
328 2555 441 2602 Anterior
460 2557 568 2605 bruchus
581 2571 653 2618 quarn
680 2554 780 2600 timonio
791 2553 904 2600 lectionis
912 2552 1001 2598 terram
1010 2551 1062 2598 sine
1073 2551 1124 2598 sole
1134 2562 1209 2610 posse

129 2624 183 2683 sol,
199 2624 322 2682 antiquior
336 2623 411 2669 herba
432 2638 505 2683 quarn
521 2626 588 2672 iuna.
600 2628 651 2673 Noli
679 2635 731 2670 osse
751 2622 972 2671 imcundamiilam
982 2635 1036 2682 qum
1053 2621 1135 2682 potuit
1151 2623 1206 2669 sino

130 2704 187 2751 ergo
197 2690 400 2748 Deumcredcre,
412 2694 451 2739 cui
463 2694 532 2740 vides
543 2695 587 2742 liei
600 2707 654 2742 mu·
678 2691 728 2737 sole
746 2691 825 2749 prima
842 2702 925 2737 rerum
942 2691 1036 2737 semina
1052 2689 1206 2750 germinare,

130 2770 190 2805 ncra
201 2771 254 2806 esse
273 2759 381 2817 praelata.
391 2759 450 2807 Tros
468 2758 521 2807 dics
537 2762 653 2810 transacti
679 2760 854 2819 potestatique
870 2761 965 2807 semina
980 2760 1081 2819 accepta
1090 2760 1211 2821 nutrire,

130 2827 202 2887 sunt,
212 2829 237 2873 et
257 2826 332 2873 solem
349 2839 422 2874 nomo
432 2829 561 2888 quaesivit,
577 2834 604 2878 ot
617 2832 655 2878 lu·
679 2829 704 2876 ct
715 2828 874 2890 proprioiotu
888 2829 942 2877 sine
958 2829 1038 2878 calore
1053 2829 1215 2888 salispartus.

129 2894 205 2941 minis
222 2895 320 2940 claritas
337 2895 480 2942 abundavit.
489 2896 570 2944 Habet
588 2899 653 2947 enim
679 2897 762 2946 edero.

130 2967 157 3010 el
168 2962 220 3008 dies
231 2973 299 3007 suam
309 2962 402 3026 lucem,
410 2974 465 3020 quaa
475 2975 607 3021 precessor
617 2971 654 3015 est
709 2965 732 3012 i.
750 2967 799 3015 Ilac
817 2967 892 3025 igitur
908 2979 969 3015 voce
980 2966 1085 3026 quadarn
1103 2976 1207 3014 suorum

130 3030 196 3078 solis.
208 3028 259 3077 lton
268 3030 343 3090 igitur
353 3033 377 3077 te
387 3034 455 3078 tanto
464 3031 588 3090 splendori
596 3036 654 3082 solis
679 3045 807 3081 munerum
814 3035 904 3081 clamat
911 3036 996 3081 natura
1003 3048 1010 3080 t
1017 3035 1097 3081 Bonus
1103 3033 1207 3092 quidem

85 3106 88 3110 ’
130 3101 225 3147 temere
248 3099 396 3147 committas.
415 3100 506 3147 Oculus
526 3103 565 3149 est
588 3103 654 3150 enim
679 3102 1208 3162 soi,sedministerio,nonimperiozbonus

130 3166 518 3227 mundi,jucunditasdiei‚ooeli
534 3170 654 3229 puicritu-
679 3184 740 3218 mem
769 3172 936 3219 ioecunditatis
956 3172 1067 3230 adjutor,
1090 3172 1135 3218 sed
1155 3183 1207 3219 non

130 3237 273 3297 domatum
281 3237 653 3297 gratia,prmstantiacreaturae.
680 3242 991 3288 creatorzlionusmeorum
999 3241 1061 3287 altor
1069 3239 1206 3299 irvvctuum,

159 3305 184 3352 Ξ.
193 3307 241 3354 scd
251 3307 348 3366 quando
362 3306 427 3354 hunc
437 3307 519 3367 vides,
530 3308 655 3357 auctorem
679 3310 781 3357 sednon
792 3312 884 3358 auctor.
898 3310 1027 3356 luterdum
1042 3311 1126 3368 partus
1136 3322 1209 3359 meos

131 3378 186 3436 ojus
202 3375 329 3423 considera
340 3390 346 3421 ε
356 3376 451 3435 quando
461 3377 524 3425 lrunc
542 3377 653 3439 miraris,
679 3381 705 3426 ct
716 3379 768 3438 ipse
780 3380 878 3426 adurit:
889 3378 1100 3437 trequentermilri
1115 3379 1208 3438 etipse

131 3444 203 3490 lauda
223 3446 291 3501 prius
307 3446 385 3502 ipsius
404 3446 550 3492 creatorum.
563 3447 589 3494 si
604 3449 654 3495 tam
679 3448 766 3494 damno
778 3450 829 3508 ost,
847 3449 970 3507 plerisque
982 3460 1021 3493 mc
1033 3448 1092 3493 locis
1108 3448 1209 3495 indota-

131 3512 214 3571 gratus
224 3511 262 3557 est
269 3510 305 3556 soi
315 3524 412 3558 consors
422 3515 445 3559 et
458 3515 579 3573 particeps
587 3528 654 3562 crea·
680 3518 727 3563 tam
746 3517 874 3576 relinquit.
891 3519 943 3563 Non
961 3528 1014 3563 sum
1034 3517 1127 3575 ingrata
1146 3529 1209 3564 con·

130 3586 205 3636 turm,
214 3590 287 3637 quana
297 3578 376 3625 lvonus
389 3583 426 3624 est
441 3581 476 3626 sul
488 3582 530 3628 iile
539 3582 653 3640 iustitia!
679 3597 764 3642 servo,
776 3586 838 3631 milri
847 3587 884 3632 est
895 3586 920 3631 in
929 3597 1000 3632 usum
1012 3585 1095 3642 datus,
1106 3598 1207 3633 mecum

131 3650 217 3697 sitam
232 3648 307 3695 velox
325 3648 386 3703 isto,
396 3649 425 3695 ut
443 3650 533 3708 rapidis
545 3653 654 3700 cursibus
679 3652 756 3699 labori
765 3653 1072 3712 estmaucipatus,mccum
1080 3653 1209 3710 subjectus

131 3721 159 3764 in
170 3717 246 3764 dieac
257 3715 329 3763 nocte
339 3717 427 3762 lustret
443 3719 537 3777 onvnia3
550 3723 654 3780 quantus
680 3722 717 3769 cst
734 3723 851 3780 vanitati,
864 3734 959 3769 mecum
976 3722 1137 3781 corruptionis
1146 3723 1209 3769 sulv-

132 3785 653 3848 ilicquiubiquesemperest,etmajestato
679 3791 744 3838 ditus
765 3792 887 3837 servituti.
908 3793 1000 3839 ‚liscum
1030 3792 1207 3853 congemiscit,

131 3867 174 3900 sun
185 3854 291 3912 complet
301 3853 400 3900 omnia?
412 3853 436 3899 Si
450 3854 600 3904 admirabilis
612 3859 652 3918 qui
679 3870 775 3904 mecum
784 3859 933 3918 parturit‚ut
941 3858 1024 3906 veniat
1035 3860 1133 3919 adoptio
1144 3860 1208 3907 iiiio-

129 3922 231 3980 Jubctur
244 3924 328 3983 exire,
342 3936 415 3984 (quam
430 3936 503 3985 supra
514 3926 652 3975 admiratio
679 3940 747 3983 ruvn,
759 3929 783 3973 et
793 3929 893 3975 humani
903 3930 1000 3988 generis
1009 3928 1144 3988 redemtio,
1155 3941 1206 3988 quo

131 4003 187 4038 nom
199 3992 240 4052 qui
253 3993 313 4040 dicit
324 3994 382 4053 soli,
392 3995 417 4043 et
428 4007 475 4042 non
492 3995 615 4055 exoritur,
625 3999 654 4043 ut
679 3997 798 4056 possimus
808 3998 832 4043 ct
844 4009 887 4044 nos
901 4010 913 4044 a
926 3998 1024 4045 servitio
1035 3998 1144 4046 liberari.
1154 3998 1207 4045 lle·
