2676 4800
211 365 255 416 xm
595 367 721 414 suberi
740 362 906 412 nmunosll

211 467 227 495 n
239 447 325 516 geris,
335 447 382 517 qui
395 445 462 501 dicit
471 444 519 501 soli
529 446 604 512 :Sta,
616 449 644 502 et
653 448 716 501 stat.
725 466 740 494 o
750 443 827 512 Quod
836 456 887 512 ego
897 440 959 495 ideo
967 435 1060 508 posui,
1073 437 1104 494 ut
1113 436 1191 506 cujus
1200 433 1284 490 lama=

212 521 296 578 fuerit
304 524 347 578 vir
357 527 468 578 sanctus
476 523 640 593 etiamapud
648 524 779 577 barbaras
788 522 899 590 gentes,
912 518 1034 586 legentes
1043 515 1201 585 agnoscant.
1213 517 1284 568 Nam

211 604 240 656 et
251 617 316 669 nos,
328 601 465 658 referente
474 603 577 672 juvenc
588 602 707 673 quodum
725 598 883 669 arbogastis
900 594 1047 652 admodum
1059 592 1201 662 religioso,
1214 607 1284 663 cog·

212 679 351 745 novimus,
360 680 409 751 qui
420 683 487 735 tunc
497 679 638 744 interfuit;
651 677 795 734 eratenim
807 678 835 731 in
847 677 986 744 tempore,
996 687 1052 743 quo
1061 673 1119 726 baec
1131 671 1286 743 loqueban-

211 761 273 821 tur,
286 759 342 815 vini
359 760 493 813 minister.

245 837 287 890 al.
301 835 442 892 Profectus
451 837 544 906 itaque
553 837 683 893 Sacerdos
692 836 727 893 de
736 835 840 891 Tuseiae
849 833 989 904 partibus,
999 832 1181 887 lledlolanum
1189 842 1285 885 rever-

212 914 293 981 titur,
302 915 358 985 jam
370 915 434 970 inde
446 929 557 984 egresso
568 916 692 986 Eugenio
706 917 800 969 eontra
812 912 993 968 Theodosium
1000 927 1008 977 ;
1021 910 1061 965 ibi
1074 908 1215 965 christiani
1228 909 1285 964 im·

212 993 345 1060 peratoris
356 994 564 1062 praestolabatur
576 993 740 1057 adventum,
753 1005 867 1047 securus
883 990 918 1045 de
933 986 985 1044 ltei
1004 989 1126 1059 potentia
1141 989 1216 1058 quod
1230 1003 1285 1044 nou

212 1070 333 1126 traderet
350 1071 509 1126 credentem
525 1072 553 1125 in
571 1086 601 1126 se
618 1071 774 1125 bominibus
787 1068 911 1138 injustis,
924 1082 975 1122 nec
990 1067 1161 1137 relinqueret
1178 1066 1285 1137 virgam

212 1151 388 1216 peccatorum
400 1163 483 1218 super
492 1153 593 1204 sortem
602 1149 753 1218 justorum,
767 1162 803 1202 ne
813 1146 994 1202 extenderent
1002 1146 1069 1214 justi
1081 1145 1116 1199 ad
1125 1146 1286 1216 iniquitates

213 1240 310 1282 manus
329 1242 401 1281 suas.
429 1227 594 1282 promiserat
607 1227 683 1282 enim
702 1226 867 1295 arbogastes
884 1226 950 1278 tune
967 1237 1073 1289 comes,
1092 1226 1121 1278 et
1142 1224 1287 1281 flavianus

213 1304 358 1372 praefectus
367 1305 518 1361 llediolano
526 1305 710 1375 egredientes,
721 1318 784 1359 eum
794 1304 911 1357 victores
918 1303 1021 1357 reversi
1030 1303 1136 1365 essent,
1146 1303 1287 1360 stabulum

212 1395 244 1437 se
255 1397 315 1438 esso
332 1382 451 1438 facturos
469 1385 497 1436 in
514 1383 628 1451 basilica
645 1383 772 1437 Ecclesiae
789 1380 995 1436 llediolauonsis
1012 1383 1096 1451 atque
1107 1382 1223 1437 clericos
1234 1384 1287 1438 sub

214 1462 297 1516 armis
308 1463 470 1532 probaturos
483 1478 489 1516 :
502 1461 551 1517 sed
569 1461 718 1517 miserandi
735 1460 859 1515 homines
877 1475 941 1514 cum
958 1460 1128 1515 daemonibus
1142 1462 1200 1517 suis
1215 1463 1288 1533 male

215 1540 320 1594 creduli
332 1542 410 1606 sunt,
424 1544 452 1596 et
465 1540 593 1610 aperiunt
605 1554 634 1593 os
646 1552 727 1594 suum
747 1539 775 1592 in
790 1538 987 1608 blasphemiam
1005 1539 1078 1607 apud
1089 1542 1192 1606 Deum,
1210 1555 1288 1611 spem

214 1618 267 1672 sibi
278 1619 400 1674 victoriae
412 1620 586 1676 ademerunt.
597 1622 684 1674 Causa
694 1622 787 1674 autom
799 1619 987 1673 commotionis
997 1619 1057 1674 lnaee
1069 1618 1136 1685 fuit,
1146 1620 1212 1691 quia
1222 1635 1287 1676 mu-

216 1709 282 1751 nera
291 1695 463 1766 imperatoris
472 1699 520 1767 qui
529 1712 560 1752 se.
569 1696 714 1766 sacrilegio
725 1696 889 1761 miscuerat,
899 1697 933 1750 ub
943 1696 1062 1751 Ecclesia
1071 1699 1286 1767 respuebantur,

215 1787 267 1829 nec
279 1774 374 1828 orandi
384 1775 424 1829 illi
436 1790 501 1831 cum
513 1776 633 1830 Ecclesia
644 1775 760 1830 societas
772 1775 955 1830 tribuebatur.
967 1773 1019 1830 Sed
1031 1775 1164 1831 Dominus
1172 1779 1221 1847 qui
1234 1781 1287 1833 Ec-

216 1852 326 1907 clesiam
338 1867 415 1908 suam
431 1855 504 1910 tueri
519 1854 677 1919 consuevit,
690 1853 725 1910 de
737 1855 808 1908 eoelo
822 1854 960 1922 jaculatus
975 1857 1017 1908 est
1034 1854 1183 1923 judicium,
1204 1859 1288 1927 atque

215 1943 323 1984 omnem
340 1932 483 1987 victorium
496 1932 530 1987 ad
543 1932 705 2002 religiosum
724 1932 919 2001 imperatorem
936 1932 1076 1987 transtulit
1095 1932 1285 1990 Theodosium.

216 2009 340 2064 Extincto
350 2011 443 2082 itaque
453 2012 575 2082 fingenio
586 2013 805 2083 satellitibusque
814 2012 887 2081 ejus,
898 2026 961 2066 cum
972 2012 1073 2082 scripta
1083 2013 1221 2082 acciperet
1232 2015 1287 2069 im-

216 2088 363 2154 peratoris,
378 2104 432 2143 non
449 2091 488 2143 illi
506 2091 560 2145 aliu
574 2105 641 2144 curu
657 2091 744 2159 major
759 2089 826 2155 fuit,
838 2104 922 2160 quam
937 2092 969 2144 ut
981 2104 1031 2159 pro
1047 2090 1080 2143 iis
1094 2090 1286 2159 interveniret,

216 2180 284 2235 quos
293 2169 385 2221 reatus
396 2168 547 2223 invenerat.
559 2169 723 2223 obsecratus
733 2169 774 2222 est
785 2169 874 2237 primo
883 2169 991 2236 scriptis
1003 2168 1196 2237 imperatorem
1206 2171 1288 2227 misso

216 2244 330 2301 diacono
343 2261 350 2299 ε
365 2248 459 2316 postea
476 2260 542 2301 vero
557 2260 641 2316 quam
654 2246 776 2300 directus
783 2248 824 2300 est
830 2247 967 2301 lohannes
978 2249 1044 2301 tunc
1056 2248 1184 2303 tribunus
1196 2253 1224 2304 et
1235 2263 1287 2304 no-

217 2325 317 2390 tarius,
335 2325 384 2395 qui
397 2339 472 2379 nunc
483 2323 630 2394 praefectus
642 2326 698 2389 est,
714 2323 748 2377 ad
761 2322 905 2379 tuitionem
920 2340 1016 2380 eorum
1029 2328 1077 2396 qui
1094 2326 1129 2381 ad
1140 2329 1288 2384 Ecclesiam

216 2402 409 2472 confugerant,
422 2403 507 2457 etiam
523 2403 581 2472 ipse
594 2402 749 2472 Aquileiam
761 2402 897 2470 perrexit,
911 2408 1080 2461 nraeeaturus
1095 2419 1145 2473 pro
1157 2406 1213 2472 eis,
1225 2408 1289 2478 qui·

216 2483 266 2535 bus
280 2480 360 2537 facile
370 2482 451 2537 venia
464 2482 609 2550 impetrata
620 2483 675 2544 est;
688 2480 754 2550 quia
772 2480 829 2548 ipsc
845 2481 1011 2535 christianus
1024 2482 1171 2553 imperator
1186 2500 1288 2554 provo-

216 2561 290 2613 lutus
302 2559 419 2628 pedibus
431 2558 585 2614 Sacerdotis
599 2559 751 2613 testabatur
768 2557 874 2612 meritis
886 2561 915 2613 et
928 2559 1096 2616 orationibus
1109 2561 1168 2631 cius
1181 2576 1211 2620 se
1227 2579 1288 2622 esse

216 2639 366 2692 serratum.

249 2716 291 2769 52.
306 2715 456 2771 lteverteus
468 2715 561 2786 itaque
572 2715 607 2772 dc
618 2718 687 2772 urbe
698 2717 882 2787 Aquileiensi,
894 2732 950 2773 uno
959 2719 1004 2775 die
1015 2722 1155 2789 praecessit
1164 2723 1295 2792 impera--

215 2797 302 2849 torem
314 2809 321 2848 :
331 2809 383 2850 nec
392 2795 440 2850 diu
449 2796 667 2851 clementissimae
676 2798 815 2853 memoriae
826 2798 992 2854 Tbeodosius
997 2800 1145 2870 imperator
1153 2806 1288 2874 susceptis

216 2873 311 2928 fallisin
321 2874 441 2929 Ecclesia
450 2876 478 2928 et
489 2874 599 2928 traditis
610 2875 762 2941 Sacerdoti,
774 2876 863 2931 inlrac
873 2879 934 2932 luce
946 2877 998 2932 luit
1010 2882 1085 2948 :post
1095 2881 1172 2950 cujus
1180 2882 1287 2938 obitum

215 2955 273 3009 fere
283 2952 434 3007 triennium
445 2952 605 3021 superuixit.
617 2954 676 3021 Quo
689 2953 850 3024 intempore
864 2955 950 3011 saneti
963 2957 1068 3011 Nazarii
1081 2959 1209 3028 martyris
1222 2975 1287 3015 cor-

215 3047 280 3103 pus,
293 3029 437 3100 quoderat
449 3031 477 3084 ln
490 3032 569 3085 borlo
581 3032 700 3100 positum
711 3036 788 3088 extra
801 3033 954 3101 civitatem,
967 3036 1087 3091 levatum
1100 3037 1134 3091 nd
1145 3038 1288 3096 basilicam

216 3111 406 3182 Apostolorum
415 3124 478 3179 quae
490 3112 533 3164 est
545 3109 574 3162 in
587 3111 735 3177 Romana·,
745 3112 894 3167 transtulit.
909 3113 1033 3169 Vidimus
1044 3117 1137 3170 autem
1149 3116 1177 3170 in
1189 3119 1288 3186 sepul·

215 3204 274 3254 cro,
285 3204 339 3260 quo
347 3188 456 3259 jacebat
465 3202 564 3258 eorpus
576 3188 725 3262 martyris(
736 3190 784 3260 qui
794 3191 904 3260 quando
915 3193 951 3246 sit
964 3208 1074 3262 passus,
1090 3209 1177 3265 usqne
1191 3196 1218 3249 in
1231 3198 1286 3252 bo-

214 3269 341 3324 dioruum
350 3267 422 3322 scire
431 3281 484 3322 non
494 3266 657 3339 possumus)
667 3269 830 3340 sanguinem
843 3271 971 3340 martyris
985 3272 1023 3326 ita
1040 3278 1193 3340 recentem,
1206 3280 1287 3346 quasi

213 3347 309 3404 eodem
325 3345 370 3401 die
385 3344 482 3401 fuisset
497 3344 611 3401 effusus.
628 3349 715 3415 Caput
728 3348 812 3402 etiam
830 3348 930 3416 ipsius,
949 3350 1022 3419 quod
1038 3352 1073 3405 ab
1089 3351 1180 3420 impiis
1193 3353 1287 3412 fuerat

213 3427 378 3491 abscissum,
392 3425 430 3480 ita
443 3425 580 3495 integrum
594 3428 677 3496 atque
689 3427 882 3496 incorruptum
895 3442 958 3483 cum
970 3431 1076 3498 capillis
1087 3432 1184 3501 capitis
1200 3436 1287 3506 atque

213 3504 311 3568 barba,
326 3504 358 3555 ut
370 3504 448 3556 nobis
459 3504 600 3558 videretur
614 3504 710 3559 eodem
724 3506 847 3573 tempure
863 3521 920 3576 quo
933 3508 1090 3573 levabatur,
1103 3510 1187 3564 lotum
1200 3513 1287 3582 atque

213 3581 393 3650 compositum
406 3581 433 3634 in
445 3583 580 3650 sepulcro.
600 3584 632 3636 ut
649 3582 716 3651 quid
736 3583 851 3649 mirum,
868 3586 1090 3656 quandoquidem
1105 3589 1238 3644 Dominus
1256 3593 1285 3646 in

214 3658 359 3728 Evangelio
374 3662 437 3714 ante
456 3660 595 3729 promisit,
611 3660 684 3730 quod
703 3661 817 3728 capillus
834 3663 868 3717 de
886 3665 976 3733 capite
988 3679 1083 3720 eorum
1102 3680 1155 3720 non
1167 3669 1286 3735 peribit?

214 3738 301 3791 Etiam
313 3736 395 3792 odore
406 3739 482 3792 tanto
492 3740 589 3807 repleti
599 3753 707 3804 sumus,
721 3742 752 3793 ut
761 3741 883 3796 omnium
893 3744 1046 3797 aromatum
1059 3745 1183 3801 vinceret
1191 3750 1285 3802 suavi-

213 3819 307 3869 tatem.

245 3898 287 3948 55.
300 3897 359 3963 ero
371 3896 459 3951 levato
472 3911 585 3966 corpore
600 3900 744 3968 martyris,
759 3903 787 3955 et
801 3901 828 3955 in
845 3902 943 3957 lectica
961 3906 1124 3974 composito,
1144 3907 1235 3961 statim
1248 3907 1283 3963 ad

233 4016 340 4065 'neptune
348 4019 435 4063 stilicon
445 4018 467 4058 id
475 4023 514 4063 an.
524 4029 587 4068 prope
599 4025 681 4068 portam
692 4021 809 4062 ltourunam
820 4023 878 4065 urbis
887 4024 1005 4065 blcdiolau'u
