2676 4800
122 497 253 537 mm
384 434 637 485 ennouonoorn
657 441 889 494 suenosraus.
1123 432 1182 495 'rrxr

158 552 210 604 stt
283 554 394 611 librom
405 553 442 613 de
456 553 557 616 Videte
568 562 755 634 subsequutus
766 569 808 621 cst
819 561 854 622 de
867 567 1040 635 Vtrpioltotc
1057 568 1177 625 libellus.

248 636 516 772 ῶῐῐιρῗηὲεὼοοᾱοω
528 652 614 708 anno,
623 640 659 697 ad
668 644 828 701 Gratianum
837 645 913 700 missi
926 648 992 701 sunt
1003 646 1059 703 duo
1073 650 1179 718 priores

280 794 442 866 Pfflffidissffl
456 810 473 853 ὃ
485 798 629 865 Barbari-t,
645 799 674 856 in
691 802 793 872 agresti
810 803 951 874 tuguriolo
967 804 1046 860 virm
1064 805 1178 859 combu-

246 873 318 928 ritur
329 875 446 942 Valens,
457 890 490 931 nv
501 876 555 931 kal.
570 879 699 948 Augusti.

167 1027 170 1031 Δ
278 953 333 1008 sub
351 954 417 1008 anni
437 955 559 1022 exitum,
578 958 707 1027 Satyrus,
725 961 861 1016 Ambrosii
883 959 981 1028 irater,
1004 960 1034 1015 in
1055 959 1178 1017 siricam

247 1033 366 1103 navigat.

151 1108 206 1163 tre
280 1113 318 1165 lix
329 1111 445 1168 biberna
456 1111 625 1183 proiectione
637 1129 780 1184 reserem,
791 1117 827 1173 ad
843 1121 961 1188 Superos
975 1118 1032 1172 abit
1045 1118 1176 1186 satyrum

245 1191 322 1260 cujus
333 1192 430 1247 mortis
441 1193 583 1249 occasione
596 1189 631 1249 do
644 1197 771 1251 llxeesso
785 1196 889 1265 [rolris
897 1211 930 1251 ac
946 1193 981 1253 de
992 1191 1061 1250 Fide
1074 1209 1177 1251 resur·

245 1271 381 1327 rectionis
392 1272 529 1327 orationes
544 1271 628 1328 babet
641 1275 772 1328 Antistes.

278 1351 424 1405 Gratianus
436 1351 546 1421 imperii
558 1354 713 1410 consortem
725 1351 791 1409 lacit
804 1356 1003 1417 insonuerunt.
1020 1354 1066 1409 cui
1079 1352 1176 1410 Oriens

247 1428 389 1495 tribuitur,
401 1445 456 1485 xrv
467 1431 522 1486 kal.
536 1430 606 1489 iebr.

277 1512 342 1565 ires
354 1510 518 1579 posteriores
530 1506 564 1567 de
581 1507 649 1568 lide
665 1513 764 1578 libros,
783 1513 906 1585 itemque
924 1510 959 1570 dc
975 1515 1034 1570 Noc
1052 1515 1080 1568 et
1097 1513 1175 1570 Arca

245 1588 481 1645 elucubrationem
492 1589 551 1645 edit
562 1589 715 1648 indefessus
726 1592 832 1648 doctor.

280 1668 420 1738 Virginem
432 1683 539 1725 sacram
550 1669 696 1737 indiciam,
708 1672 816 1727 violatae
827 1671 995 1743 virginitatis
1003 1671 1175 1741 extinctique

244 1743 328 1802 fectus
344 1747 544 1815 insimulatam,
562 1763 579 1803 a
595 1750 733 1805 calumnia
751 1751 873 1806 vindieat
891 1751 1066 1822 Ambrosius3
1084 1764 1101 1804 a
1118 1762 1175 1820 qno

244 1826 326 1881 sinim
336 1827 468 1883 Anemius
479 1828 571 1883 sirmii
580 1829 724 1900 episcopus
737 1830 823 1886 invita
833 1831 941 1885 lustina
951 1831 1141 1885 consecratur»

278 1909 343 1962 'ires
360 1908 443 1962 libros
461 1904 496 1964 do
511 1909 620 1977 write
634 1913 748 1979 ronco,
761 1924 832 1980 quos
847 1909 943 1965 caesari
960 1909 1089 1964 Gratiano
1106 1921 1173 1977 pro-

243 1987 369 2053 miserat,
381 1986 417 2044 ad
427 1987 557 2048 eumdem
567 1988 663 2059 dirigit
678 1990 836 2060 Episcopus.
849 2018 880 2029 -
891 1991 985 2044 ltense
999 1987 1172 2057 septembre,

245 2068 409 2120 convocatur
419 2065 540 2136 synodus
551 2068 736 2138 Aquileiensis
753 2069 886 2125 adversus
902 2066 1055 2145 Palladium
1072 2066 1102 2121 et
1119 2067 1173 2121 Sc·

246 2144 426 2212 cundianum,
440 2145 566 2201 Arrianae
578 2145 705 2202 factionis
718 2149 871 2221 episcopos.

278 2223 410 2279 Libellum
420 2221 676 2294 delocomotiooia
684 2227 1045 2295 Dooaiotcaesacromeoto,
1055 2225 1173 2280 dnorum

245 2304 365 2359 Gratiam
378 2304 611 2359 cubiculariorum
622 2304 729 2375 gratia,
747 2304 844 2376 scribit
861 2304 942 2358 divus
957 2303 1125 2358 Ambrosius.
1141 2332 1171 2344 -

244 2385 356 2450 Romam
366 2397 397 2438 se
408 2380 528 2448 confert,
541 2383 575 2438 ad
588 2383 771 2453 assistendum
784 2396 884 2454 magno
895 2379 1021 2447 concilio,
1035 2382 1109 2452 qnod
1120 2384 1173 2437 sub

244 2459 374 2518 Pontitioe
384 2464 503 2517 binuso
512 2461 539 2515 in
551 2461 622 2516 Urbe
632 2460 758 2515 babitum
767 2462 824 2527 est,
834 2461 1017 2529 sanctumque
1028 2460 1172 2515 Acbollum

244 2556 278 2597 ae
289 2540 472 2595 ldarcellinam
484 2553 606 2595 sororem
619 2538 723 2594 invisit.

276 2621 372 2677 Fertur
381 2621 503 2675 Gratiani
512 2618 753 2686 cessarisedictum
762 2618 953 2689 qnoVictoriae
962 2632 1009 2672 ara
1019 2633 1053 2673 er
1063 2619 1171 2686 senatu,

244 2699 318 2755 unde
335 2700 393 2769 iarn
415 2698 588 2763 constantius
612 2713 674 2767 eam
695 2700 871 2764 removerat,
893 2700 1054 2769 reposuerat
1076 2699 1173 2754 autern

242 2781 366 2836 lulianus
377 2782 513 2850 apostata,
527 2779 719 2849 tollijubetur.
976 2768 980 2787 ²

277 2858 390 2913 lloritnr
401 2862 427 2914 S.
442 2858 589 2924 Acholius,
602 2856 746 2930 Ambrosio
757 2857 922 2927 peramicus.

276 2940 367 2994 linitis
379 2937 503 3004 cladibus
514 2936 634 3005 allicitur
646 2937 810 3007 imperium,
823 2936 944 3006 primum
956 2934 1043 2999 fame,
1057 2935 1173 2991 iterum-

242 3034 297 3090 que
315 3018 464 3073 rebellione
480 3017 605 3081 usnimi,
624 3017 703 3087 cnjus
720 3016 833 3071 immani
849 3015 954 3071 scelere
970 3017 1083 3070 necatus
1100 3018 1171 3071 Gra·

243 3098 349 3163 turns,
361 3098 418 3151 vita
429 3098 457 3152 et
469 3096 537 3160 solio
548 3094 674 3166 iungitur
686 3110 740 3150 viil
750 3095 805 3150 kal.
818 3094 997 3163 septembres.
1010 3122 1039 3132 -
1053 3095 1172 3158 Primam

242 3178 278 3234 ad
298 3177 445 3232 blaxinmm
466 3175 631 3245 legationem
651 3174 766 3243 suscipit
787 3173 962 3237 Ambrosius,
986 3172 1171 3231 Valentiniani

241 3257 362 3313 iunioris
374 3270 471 3321 causa,
484 3258 512 3310 et
523 3253 668 3310 Mediolani
677 3254 779 3319 redux,
791 3253 876 3307 libros
887 3247 922 3307 de
935 3232 1170 3320 interpellatione

241 3338 293 3395 lob
302 3342 329 3392 ct
340 3332 612 3406 Deoidpronuntiat.
692 3345 696 3349 ’
1264 3369 1267 3376 ·

139 3421 200 3474 biit
278 3416 450 3487 Apoloqiom
468 3412 618 3484 Propbetae
639 3408 732 3469 David
753 3411 811 3469 edit
832 3414 860 3467 s.
882 3411 1000 3477 Doctor,
1024 3409 1173 3481 libelloque

241 3495 411 3567 Symmachi,
422 3493 516 3549 altaris
525 3492 652 3551 Victorias
663 3490 866 3565 restitutionem
874 3489 1004 3559 petentis,
1013 3487 1170 3559 respondet.

244 3603 274 3615 -
287 3576 383 3630 Missus
395 3575 429 3629 ab
442 3573 538 3629 eodem
549 3573 712 3643 symmacho
724 3570 879 3627 rhetoricus
891 3570 1023 3640 magister
1036 3568 1171 3639 Angusti-

245 3668 310 3719 nus,
324 3653 507 3721 Mediolanum
519 3652 605 3708 venit.

277 3733 350 3801 iluic,
358 3732 444 3788 etiam
455 3746 527 3787 anno
538 3730 681 3804 pertinent
691 3729 823 3785 libridno
835 3724 869 3784 dc
881 3728 1061 3784 Poeoitcotio.

136 3812 198 3867 seo
277 3813 394 3877 donica,
407 3809 496 3882 illium
509 3805 694 3880 Augustinum
710 3814 783 3885 terra
799 3807 925 3878 murique
940 3810 1050 3871 secuto,
1066 3805 1171 3860 Aledio·

243 3892 335 3946 lanum
348 3892 404 3960 ipsa
418 3890 545 3962 advenit,
557 3889 733 3960 benigneque
748 3889 777 3944 et
790 3888 906 3942 comiter
917 3885 952 3941 ab
965 3885 1107 3939 Ambrosio
1119 3899 1187 3939 ex·-

246 3973 353 4041 cipitnr.
367 3972 448 4027 Brevi
461 3972 587 4042 sequitur
599 3970 733 4045 mirabilis
746 3967 893 4038 Augustini
906 3966 1058 4021 conversio.

279 4052 396 4118 lustina,
410 4065 507 4120 pacem
523 4065 538 4104 a
558 4049 675 4106 llanimo
687 4046 824 4104 Ambrosii
841 4060 894 4116 ope
911 4045 1093 4124 consequuta,
1110 4055 1173 4096 mon
