2676 4800
201 412 229 457 ,Ἃ
590 415 714 461 8ΑΝΕΤΙ
728 415 892 459 ᾹΜΒΠΟΒΙΙ

202 498 297 545 (latores
310 512 338 545 eo
349 497 486 558 gravissimi
500 498 653 545 internorum
665 509 728 555 saepe
754 500 791 543 nel
803 499 864 543 toea
878 495 971 542 terbum
982 496 1052 554 seriei,
1064 499 1156 556 spirens
1164 509 1289 543 reaccenso·

202 566 323 613 viscerum
332 568 469 627 sepiuntur.
478 569 527 614 Nec
541 567 602 614 illud
610 566 729 626 praeterit,
754 566 854 611 cuimine
865 578 944 625 qenes.
955 565 1005 609 h'on
1018 565 1096 610 solum
1108 565 1176 610 euim
1184 566 1288 623 sponta-

201 633 267 691 qued
285 635 355 680 conio
373 635 519 694 plerumque
537 633 630 681 furores
646 631 730 678 tibidi-
755 645 826 678 neam
837 633 977 679 alimoniam
986 632 1175 690 comprehendit
1182 645 1240 693 quae
1248 634 1287 681 est

202 713 261 747 num
271 703 443 762 marcuerunt,
455 703 481 750 et
491 703 619 750 helleboro
628 701 729 748 iomstae
755 703 779 746 in
793 702 875 748 herbis
888 702 913 748 et
928 701 1067 760 radicibus,
1083 703 1157 762 atque
1171 701 1200 747 in
1215 701 1287 748 arbe-

201 768 326 825 passiones
336 770 394 829 aegrl
407 770 517 829 eorporis
528 770 584 816 sunt
593 769 687 815 solutae.
754 784 821 829 euin,
833 771 985 830 reliquisque
997 769 1118 817 tructihns
1130 783 1137 814 τ
1149 770 1193 817 sed
1208 770 1285 818 etiam

230 831 270 882 td.
282 836 333 883 Nou
346 838 424 884 solum
436 838 511 897 igitur
522 838 589 884 trulla
603 838 629 884 in
640 837 678 883 his
691 847 730 882 re·
753 852 807 885 eam
820 853 874 898 quae
883 839 1004 885 imlustria
1013 838 1169 898 comparatur
1174 871 1183 896 ,
1195 840 1223 887 et
1230 840 1285 887 cul·

201 903 332 962 preheusio
350 908 481 966 crealoris,
498 908 540 953 sed
556 907 633 953 etiam
649 906 730 952 incre·
754 907 909 953 lurusticanl
920 905 1164 965 laborisaequirltur.

201 974 312 1020 mentum
323 975 360 1022 est
370 976 511 1033 gratiarum.
527 975 654 1034 Siquidem
664 974 729 1033 quod
782 974 822 1019 th.
835 975 914 1031 Quam
929 975 1046 1021 decorum
1063 976 1146 1020 autem
1157 973 1224 1034 qued
1234 985 1284 1021 neu

200 1039 231 1086 ed
242 1042 379 1100 periculum
391 1046 494 1103 putabas
505 1057 558 1092 esse
569 1044 728 1103 generatum,
752 1044 835 1090 statim
852 1042 956 1089 tundere
974 1046 1050 1090 terras
1070 1055 1157 1090 semen
1172 1041 1248 1099 jussit
1258 1044 1285 1090 et

200 1109 231 1155 ud
242 1112 351 1159 remedia
372 1113 417 1160 tihi
429 1113 516 1160 salutis
531 1116 656 1172 operatur.
668 1113 728 1158 Nam
754 1111 864 1157 tructus:
882 1111 924 1157 sed
943 1110 1049 1169 primum
1069 1111 1226 1170 germinare,
1239 1111 1284 1158 de·

199 1179 227 1225 el
237 1178 262 1226 id
272 1181 338 1240 qued
352 1182 457 1240 periculi
475 1183 527 1240 est,
539 1195 584 1242 per
595 1180 729 1240 provideo·
754 1181 811 1226 inde
822 1180 969 1226 herbescere
980 1192 1078 1238 caumas
1088 1179 1188 1236 statuit,
1197 1179 1282 1238 postea

198 1248 260 1294 tiam
278 1249 437 1297 declinatur:
457 1254 482 1298 et
501 1252 526 1297 id
545 1250 609 1310 quod
628 1250 727 1307 salutis,
753 1248 888 1294 secuudum
915 1248 1091 1307 proprietatem
1119 1247 1157 1293 sni
1183 1247 1283 1306 generis

199 1327 245 1373 per
261 1318 405 1365 industriam
418 1332 466 1365 nou
484 1320 615 1366 amittitur.
632 1321 668 1364 hu
679 1330 727 1364 non
752 1330 836 1364 serneu
853 1317 1009 1374 adolescere,
1026 1320 1053 1363 ut
1064 1328 1200 1374 numquam
1211 1326 1282 1362 arre-

200 1395 259 1430 oves
269 1388 294 1432 et
311 1400 390 1447 capara)
401 1401 430 1433 ea
441 1402 495 1447 aquae
514 1389 561 1435 sihi
573 1388 646 1434 noxia
657 1389 727 1443 sulit,
752 1398 805 1430 rum
816 1387 914 1431 vacaret
926 1386 1017 1442 gratia,
1028 1399 1083 1444 qua·
1094 1386 1163 1442 gratu
1174 1384 1281 1444 primum

199 1451 324 1501 declinare
341 1456 482 1503 didicerunt
500 1456 728 1514 etsoloodercper
752 1455 840 1500 decere
868 1457 1017 1511 reserarent,
1043 1456 1129 1513 postea
1156 1453 1281 1501 tractuum

197 1522 320 1579 quoddam
336 1526 429 1570 staturae
439 1526 600 1583 mysterium,
612 1537 668 1570 eum
679 1524 727 1568 sint
752 1525 912 1582 suggererent
920 1521 1073 1569 utilitatem?

199 1590 301 1637 rationis
313 1595 442 1652 expertes,
452 1594 570 1640 rationem
581 1595 661 1639 tamen
671 1605 728 1638 era·
971 1593 1057 1641 ..’-.

199 1657 274 1705 dendi
300 1662 426 1719 periculi,
451 1662 491 1707 rel
518 1662 617 1709 tuendas
642 1662 727 1707 salutis
929 1696 1096 1748 GWUTX

199 1731 348 1788 agnoscunt,
359 1731 481 1790 rioxiuque
500 1731 594 1790 pariter
604 1744 632 1777 ac
643 1729 727 1789 protu-
955 1722 963 1745 ¹
1097 1732 1104 1744 ⁶

199 1795 255 1842 tura
264 1798 425 1858 distinguere
438 1801 471 1847 ita
481 1802 507 1846 nt
516 1801 661 1859 plerumque
671 1809 725 1844 curn
751 1800 835 1838 Semina
845 1810 964 1847 numquam
980 1802 1065 1847 promia
1074 1800 1219 1848 deponente,
1231 1807 1281 1837 mm

199 1868 291 1913 armata
309 1869 413 1915 venenis
431 1870 480 1915 tela
499 1869 639 1925 senserint,
658 1869 726 1912 notas
773 1865 849 1917 eorum
861 1866 904 1917 ¹¹⁰¹}
920 1851 1280 1917 mutetur-emusmetperreeno:

773 1910 849 1944 lohrnn
866 1919 923 1943 enim
935 1920 957 1944 ue
967 1919 1063 1944 zizaniae
1078 1908 1186 1945 frumenti
1202 1916 1282 1945 82·th

197 1934 383 2014 petfferhefbas
392 1942 465 1996 atque
475 1937 513 1984 his
524 1936 661 2015 femfflwzn
671 1935 726 1980 Μ’
772 1972 908 2009 nequoqumn
920 1962 981 1997 nasei,
988 1961 1088 1998 Verbum
1098 1961 1136 1998 Dei
1146 1961 1226 1997 miram
1236 1965 1280 1999 tet·-

198 2012 253 2049 nerr
265 2003 379 2052 (licuntur
389 2006 516 2053 adhibere.
527 2006 600 2052 Cibus
612 2006 661 2050 dlis
669 2016 725 2061 ergo
773 2015 967 2051 tarraconense—m
975 2015 1085 2051 consultae
1095 2013 1281 2061 assequentium·

198 2070 323 2119 medicina
331 2075 382 2131 est,
392 2078 420 2121 ut
428 2074 526 2120 resilire
534 2070 726 2131 sagittasvideas
771 2074 879 2114 peccarem
894 2073 986 2104 arianen
1001 2072 1083 2104 terram
1105 2070 1170 2107 enam
1183 2078 1243 2106 nume
1257 2077 1281 2105 e·

198 2141 341 2200 evulnere,
352 2144 378 2189 et
390 2142 474 2203 lugere
490 2154 601 2198 venena,
614 2152 662 2187 non
675 2151 726 2185 ser-

197 2210 268 2268 p'ere.
286 2211 399 2271 Denique
418 2212 499 2259 cervis
514 2210 585 2258 cibus
601 2221 725 2256 venenum
779 2205 818 2252 tab,
831 2207 880 2253 Suu
899 2206 961 2253 torte
980 2207 1036 2264 quis
1053 2206 1120 2252 dicat
1135 2219 1141 2250 a
1154 2204 1280 2265 Quomodo

197 2279 244 2325 est.
256 2279 360 2327 coluber
371 2292 471 2328 cervum
486 2279 548 2339 tegit
558 2312 565 2337 ‚
577 2279 674 2325 leonem
688 2278 724 2323 in-
750 2276 885 2323 secundum
902 2288 977 2334 gertus
988 2278 1052 2323 terra
1067 2273 1162 2334 proteri
1173 2276 1279 2333 semina,

196 2348 288 2397 tertieit
299 2364 306 2396 r
318 2350 391 2398 draco
403 2351 561 2410 elephantem
573 2348 646 2407 ligat,
657 2347 726 2404 eitius
751 2359 806 2392 cum
825 2347 972 2406 plerumque
984 2346 1078 2391 semina
1090 2344 1157 2401 iacta
1174 2345 1280 2403 degene-

773 2132 815 2158 non
826 2132 913 2169 prorsus
920 2134 960 2159 esse
969 2122 1098 2160 destitutam.

197 2417 269 2463 ruina
279 2430 344 2466 mors
355 2419 456 2466 victoris
467 2419 513 2465 est.
525 2418 555 2462 Et
565 2416 621 2463 ideo
631 2429 725 2463 sumaim
751 2416 819 2473 rent,
839 2415 865 2460 et
888 2426 945 2461 cum
963 2414 1054 2461 bonum
1074 2414 1186 2460 triticum
1204 2412 1279 2461 tuerit

196 2484 223 2529 vl
233 2487 359 2544 utrimque
371 2487 494 2542 certatum
506 2485 549 2530 ille
560 2484 684 2541 etpedem
693 2486 726 2530 at·
750 2485 897 2532 seminatum
905 2517 912 2541 ,
921 2484 1019 2529 decolor
1028 2481 1081 2539 ejus
1090 2482 1200 2542 species,
1209 2482 1236 2529 et
1243 2481 1279 2528 in·

196 2551 367 2611 liget‚lnquo
382 2564 452 2600 casus
471 2551 550 2597 vincli
569 2550 617 2595 sibi
636 2563 725 2597 nocere
751 2553 825 2599 terior
850 2552 928 2599 torma
950 2551 1082 2598 reddatur?
1107 2550 1156 2597 Sed
1184 2551 1232 2597 hoe
1256 2551 1277 2599 ri

196 2630 245 2665 nen
255 2620 345 2679 possit3
354 2619 401 2665 iste
413 2632 444 2665 ue
454 2617 590 2677 posteriore
601 2620 725 2665 extremus
750 2622 846 2681 quande
865 2622 969 2679 accidit,
981 2633 1030 2667 nen
1042 2621 1072 2666 ad
1091 2619 1279 2667 translationem

196 2686 275 2746 pede,
287 2688 330 2734 aut
340 2687 402 2734 calle
414 2687 528 2746 capiatur
546 2687 665 2745 angusto,
682 2689 724 2733 uhi
750 2691 861 2749 geilonis,
871 2691 914 2736 sed
923 2691 954 2736 ad
962 2689 1137 2748 aegritudinem
1148 2688 1279 2748 quamdam

197 2755 238 2802 rel
255 2756 307 2814 ipse
326 2769 353 2803 se
369 2769 417 2803 nou
436 2756 513 2816 queat
529 2757 685 2815 retorquere,
700 2760 724 2803 et
750 2763 774 2806 et
791 2759 982 2817 inequalitatem
995 2758 1097 2803 seminis
1112 2757 1279 2804 videturesse

197 2821 328 2870 draconem
337 2826 407 2883 gravi
417 2825 545 2884 proterere
554 2824 673 2883 vestigio,
684 2827 723 2873 vel
750 2827 916 2873 reterendum.
927 2827 979 2871 Nou
989 2827 1056 2872 enim
1068 2825 1159 2871 desiuit
1168 2837 1222 2872 esse
1233 2825 1280 2872 tri-
1312 2866 1315 2871 .

196 2893 323 2951 sequentis
339 2894 465 2954 elephanti
480 2895 604 2942 auxilium
621 2895 725 2943 neuha-
751 2897 838 2952 ticum,
861 2898 880 2941 si
907 2896 950 2940 aut
970 2895 1059 2952 trigore
1084 2892 1219 2952 aduratur,
1237 2895 1280 2941 aut

195 2960 265 3008 bere.
750 2966 827 3010 imbre
847 2963 988 3010 riiaididetur
1011 2977 1017 3008 ι
1038 2962 1081 3008 sed
1100 2962 1184 3022 specie
1201 2962 1281 3022 magis

225 3028 265 3076 tt.
286 3032 347 3091 Ergo
366 3032 385 3078 si
407 3032 586 3080 irrationabilia
608 3033 724 3080 animalia
748 3048 820 3094 (priam
840 3046 946 3093 genere,
965 3033 1046 3079 colore
1065 3045 1163 3091 queque
1180 3031 1208 3077 et
1224 3043 1279 3078 cor-

195 3102 287 3147 norunt
296 3100 386 3159 quihus
397 3102 443 3148 sibi
453 3105 495 3150 aut
505 3103 659 3149 medicentur
670 3103 724 3150 her-
749 3104 863 3163 ruptione
880 3104 1011 3149 mutatum.
1030 3101 1143 3167 Dareique
1164 3099 1281 3159 trequen-

195 3163 251 3225 bis‚
263 3170 305 3214 aut
315 3169 429 3215 subsidiis
440 3184 511 3230 opem
523 3173 640 3229 aher-anu
653 3173 723 3219 honio
749 3176 786 3218 ter
805 3170 929 3217 madidata
950 3170 1072 3217 trumenta
1090 3169 1165 3216 lusui
1180 3171 1283 3228 generis

195 3236 722 3300 nescittulrationabilissensusinnascitur,
748 3241 856 3299 speciem
873 3241 1046 3297 revertuntur,
1062 3238 1082 3283 si
1100 3239 1143 3284 aut
1158 3237 1226 3296 sole,
1237 3240 1283 3287 ant

194 3307 294 3352 nuttam
306 3308 494 3354 alienusavero
504 3310 594 3366 est‚ul
607 3311 723 3369 quaecui·
749 3309 845 3368 ignibus
872 3309 1026 3365 torreantur,
1051 3307 1094 3353 aut
1118 3307 1282 3364 diligentibus

194 3387 243 3432 que
252 3376 425 3435 aptasiutusui
434 3378 536 3424 minime
545 3378 721 3438 deprehendat:
748 3379 876 3427 commissa
892 3378 1039 3435 cultoribus,
1057 3376 1121 3422 aeris
1139 3378 1282 3437 temperie,

194 3444 239 3489 aut
249 3443 283 3489 ita
293 3444 387 3491 naturae
398 3446 506 3505 ingratus
524 3448 607 3505 beleis,
624 3450 651 3493 ut
661 3460 722 3505 que·
749 3451 919 3506 terrarumque
928 3445 1044 3492 teracium
1055 3443 1283 3494 ubertaleioveau-

194 3509 262 3556 niam
271 3513 362 3559 marrim
375 3514 476 3562 haustus
486 3517 614 3577 sanguinis
625 3516 722 3562 lethalis
749 3520 795 3564 tur.
809 3519 893 3574 ltaque
913 3518 1041 3575 reparatur
1060 3515 1086 3561 in
1102 3513 1201 3573 sobole,
1213 3516 1282 3576 qued

193 3577 233 3625 est
241 3579 345 3639 homini,
355 3584 483 3641 propterea
495 3588 565 3644 putet
575 3585 721 3631 laboriosum
747 3587 938 3643 degeneraverat
959 3586 986 3631 iu
1004 3586 1115 3643 parente.
1136 3582 1207 3630 liade
1229 3595 1282 3631 nen

193 3649 286 3696 animat
305 3653 348 3697 aut
368 3653 436 3698 nasci
458 3666 506 3701 neu
527 3655 660 3712 debuisse,
680 3656 722 3699 aut
747 3655 931 3715 periclitamur,
950 3654 1144 3712 uepraeeeptum
1156 3651 1281 3699 iltuchl

192 3718 247 3766 aine
259 3719 377 3779 sanquine
389 3721 503 3770 debuisse
512 3724 640 3782 generari,
652 3723 721 3780 cujus
747 3724 816 3780 cuius
834 3735 892 3770 usus
917 3723 1012 3769 naturas
1032 3720 1150 3777 inolevit,
1168 3721 1197 3766 iu
1220 3720 1282 3767 reli-

192 3786 272 3834 vlrtne
292 3788 323 3834 ad
344 3789 437 3836 cultum
457 3804 570 3847 agrorum
587 3792 672 3850 utilis,
691 3791 720 3837 ad
746 3805 821 3851 quum
831 3791 991 3838 successionis
1002 3789 1062 3836 vitio
1073 3788 1221 3835 destitutum
1231 3787 1281 3846 sit,

192 3868 265 3903 usum
281 3859 446 3916 plaustrorum
463 3858 567 3915 habilis,
586 3859 617 3905 ad
634 3859 719 3905 alimo·
746 3874 801 3907 cuni
813 3860 935 3919 hodieque
947 3860 973 3905 in
984 3857 1119 3905 seminibus
1130 3857 1230 3917 generis
1240 3857 1280 3904 sui

193 3924 260 3970 niam
281 3926 382 3984 suavis,
404 3926 501 3973 diverso
523 3937 625 3972 inuuere
651 3926 721 3973 tnlcit
746 3930 874 3976 sinceritas
884 3929 1033 3975 reservetur.

192 3992 324 4053 agricolas,
334 3995 423 4054 quihus
433 3996 512 4051 Deus,
522 3993 542 4039 si
555 3993 616 4039 hona
625 4008 668 4041 sim
677 4008 718 4040 no·
775 3995 813 4042 tt.
826 3998 884 4043 hana
897 3998 983 4043 lolium
994 3994 1125 4053 etreliqua
1136 3993 1279 4041 adulterina

192 4058 257 4120 rint,
268 4063 385 4111 universa
394 4060 510 4119 donavit,
521 4061 606 4108 dicens
615 4075 621 4108 ι
631 4065 720 4112 Germi-
745 4064 905 4122 seminaque
924 4063 1034 4122 trugibus
1049 4075 1113 4120 saepe
1125 4061 1278 4121 miscentur,
