2676 4800
130 383 183 429 ttrt
519 385 640 431 sanent
660 382 819 430 hunnosn

131 464 261 520 incendio
276 466 449 522 concremata
467 466 547 530 sunt,
559 463 707 533 propterea
721 461 796 533 quod
811 460 900 517 ludaei
911 460 956 517 vet
968 457 1152 516 Valentiniani
1164 456 1213 513 in-

130 545 266 597 sultarent
275 544 417 598 monachis
428 543 600 608 christianis3
616 541 871 598 Valentinianorum
886 539 960 594 enim
974 539 1087 594 haercsis
1097 537 1211 607 triginta

36 626 39 632 “
129 620 194 676 deos
204 621 277 675 colit.
289 622 342 677 Sed
353 621 387 676 dc
399 621 555 691 hujusmodi
568 620 640 675 lacto
653 634 743 674 comes
756 620 875 674 Orientis
885 618 920 673 ad
930 618 1123 686 imperatorem
1135 616 1212 670 rela-

129 699 232 754 tionem
252 700 374 754 direxit:
393 715 448 770 qua
467 703 596 769 accepta,
616 699 768 768 imperator
785 698 956 768 praeceperat
974 698 1005 750 ut
1021 709 1159 765 synagoga
1176 696 1213 751 ab

129 778 258 847 episcopo
270 779 322 832 loci
336 777 565 846 reaedificaretur,
580 779 608 832 in
620 777 767 833 monachos
778 789 845 831 vcro
853 775 1052 830 vindicaretur.
1064 774 1118 828 Sed
1129 774 1212 843 hujus

129 859 261 927 precepti
276 860 355 912 tenor
366 873 429 913 cum
440 858 474 913 ad
485 873 566 913 aures
579 857 752 928 pervenisset
761 855 928 912 venerabilis
938 854 991 909 viri
1003 854 1140 908 Ambrosii
1151 854 1213 923 epi·

72 944 78 955 '
128 938 220 1007 scopi,
231 938 332 993 direxit
344 939 379 993 ad
392 939 587 1008 imperatorem
599 938 757 1008 epistolam,
769 936 836 1007 quia
850 935 911 1006 lpse
929 935 957 989 in
972 935 1096 1004 tempore
1107 949 1212 990 excur-

128 1030 191 1071 rere
209 1030 263 1071 non
277 1019 400 1086 poterat,
412 1032 467 1087 qua
485 1017 564 1071 illum
576 1015 720 1081 convenit,
733 1017 765 1070 ut
782 1015 811 1069 id
823 1013 898 1084 quod
912 1014 947 1068 ab
962 1010 1060 1068 eodem
1075 1013 1212 1067 statutum

127 1094 235 1161 iuerat,
247 1099 440 1162 revocaretur,
452 1095 614 1165 servarique
623 1093 677 1148 sibi
689 1093 792 1149 debere
807 1093 842 1147 ab
855 1106 890 1147 eo
904 1091 1090 1157 audientiam3
1106 1092 1172 1161 quia
1186 1093 1210 1146 si

128 1173 228 1243 dignus
238 1188 291 1229 non
302 1177 388 1238 esset,
398 1174 447 1244 qui
457 1175 492 1229 ab
503 1174 550 1228 illo
562 1173 723 1238 audiretm,
733 1172 834 1242 dignm
842 1171 928 1226 ctiam
938 1183 993 1224 nou
1003 1171 1091 1235 osset,
1102 1171 1151 1240 qui
1161 1184 1211 1239 pro

127 1252 174 1307 illo
187 1269 203 1307 a
215 1254 331 1307 Domino
341 1252 502 1318 audiretur,
514 1253 558 1308 vel
570 1252 616 1308 cui
628 1266 691 1306 suas
700 1265 814 1321 preces,
827 1251 875 1306 aut
887 1249 932 1304 cui
946 1263 997 1304 sua
1005 1251 1069 1304 rota
1080 1250 1210 1305 commit·

127 1334 201 1385 teret
212 1347 218 1384 :
229 1333 356 1401 paratum
366 1332 451 1387 etiam
463 1344 494 1386 sc
504 1345 563 1386 esse
576 1344 626 1400 pro
638 1331 687 1384 tali
700 1330 811 1400 negotio
823 1331 941 1384 mortem
953 1328 1064 1394 subire,
1077 1342 1113 1383 nc
1124 1328 1209 1383 dissi-

126 1410 279 1465 mulatione
296 1410 340 1464 sui
359 1410 600 1479 prevaricatorem
618 1408 724 1466 iaceret
742 1409 952 1479 imperatorem,
970 1407 1019 1478 qui
1038 1409 1096 1463 mm
1108 1409 1210 1478 injusta

128 1492 223 1544 contra
240 1488 389 1545 Ecclesiam
402 1489 589 1557 praecepisset.
1229 1553 1233 1563 ,

160 1572 203 1624 id.
218 1572 313 1625 Postea
324 1582 391 1624 vero
402 1581 486 1638 quam
495 1568 678 1624 Mediolanum
688 1582 815 1624 reversus
824 1571 881 1632 est,
891 1567 981 1636 posito
993 1566 1163 1636 imperatore
1179 1568 1209 1621 in

46 1679 49 1685 ν
126 1648 261 1714 Ecclesia,
271 1647 306 1703 de
315 1647 413 1702 eadem
422 1661 505 1702 causa
517 1648 646 1702 tractavit
657 1650 687 1702 in
695 1649 806 1717 populo.
819 1650 848 1701 ln
857 1648 1045 1717 quotractatu
1054 1647 1208 1700 introduxit

127 1726 237 1780 Domini
250 1739 394 1795 personam
405 1725 543 1795 loquentis
556 1726 715 1795 imperatori
729 1740 736 1778 z
750 1727 841 1796 Egote
857 1739 891 1780 ex
901 1724 999 1780 ultimo
1014 1724 1209 1793 imperatorem

126 1804 196 1870 ieci,
208 1819 260 1874 ego
272 1803 322 1858 tibi
334 1804 488 1859 exercitum
498 1803 602 1858 inimici
613 1804 652 1858 tui
664 1803 780 1869 tradidi,
791 1802 905 1874 egotibi
916 1803 1011 1871 copias
1020 1817 1089 1872 quas
1098 1804 1145 1858 illc
1157 1803 1208 1859 ad-

126 1897 237 1938 versum
247 1885 275 1939 tc
284 1882 419 1938 exercitui
434 1884 698 1952 suopraeparaverat
715 1881 793 1947 dedi,
805 1895 858 1951 ego
869 1880 1014 1934 inimicum
1024 1883 1106 1935 tuum
1121 1881 1150 1935 in
1160 1897 1210 1950 po-

125 1964 255 2018 testatem
267 1965 345 2017 tuam
356 1960 468 2031 redegi,
482 1975 534 2032 ego
546 1961 580 2017 de
592 1961 698 2017 semine
708 1962 756 2016 tuo
767 1974 851 2029 supra
860 1959 959 2014 solium
968 1960 1047 2028 regni
1060 1961 1207 2026 constitui,

126 2055 178 2111 ego
198 2045 226 2096 te
244 2035 416 2111 triumphare
433 2039 494 2095 sine
511 2039 604 2096 labore
621 2038 675 2096 leci
691 2042 739 2095 :ct
752 2042 783 2094 tu
793 2039 828 2095 dc
842 2052 887 2093 me
903 2038 1024 2093 inimicis
1041 2039 1110 2093 meis
1124 2039 1209 2095 donas

126 2121 297 2188 triumphos?
314 2120 362 2175 Cui
381 2119 558 2175 descendenti
573 2120 609 2175 de
626 2119 748 2175 exhedra
766 2117 916 2188 imperator
933 2119 972 2173 ait
991 2132 1000 2171 ε
1018 2139 1034 2166 o
1046 2120 1145 2173 contra
1161 2134 1209 2174 nos

126 2198 320 2268 »proposuisti
333 2198 431 2264 hodie,
442 2199 582 2269 Episcope.
597 2200 659 2252 »At
674 2199 720 2254 ille
731 2197 874 2267 respondit
887 2212 941 2252 non
952 2211 983 2253 se
993 2199 1089 2252 contra
1102 2198 1207 2266 ipsum,

124 2277 174 2333 scd
185 2292 234 2346 pro
248 2278 308 2349 ipso
322 2277 408 2334 fuisse
421 2279 576 2349 loquutum.
589 2281 666 2333 'lunc
677 2278 828 2349 imperator
838 2292 846 2332 :
856 2299 872 2327 o
882 2282 1003 2344 llevera,
1016 2277 1125 2348 inquit,
1138 2279 1208 2335 dure

125 2377 142 2405 s
153 2372 341 2427 praeceperam
351 2361 447 2413 contra
455 2358 615 2429 episcopum
630 2358 665 2414 de
679 2373 818 2429 synagoga
830 2358 1005 2427 reparanda:
1020 2357 1048 2411 in
1060 2362 1208 2413 monachos

124 2457 141 2484 a·
153 2450 219 2491 vero
227 2436 422 2492 vindicandum
435 2452 504 2492 esse.
518 2456 533 2485 a
545 2440 585 2492 lta
593 2439 622 2492 ct
632 2451 649 2491 a
661 2439 823 2501 comitibus,
837 2438 885 2507 oni
898 2438 927 2490 in
938 2439 1064 2505 ternpore
1074 2437 1206 2503 aderant,

124 2514 279 2569 dicebatur.
290 2516 396 2583 Quibus
408 2516 556 2585 Episcopus
570 2531 577 2569 ε
591 2537 606 2563 κ
617 2519 672 2586 Ego
681 2516 793 2591 quidem
803 2530 867 2571 cum
877 2516 1044 2585 imperatore
1054 2532 1128 2570 nunc
1140 2533 1206 2587 ago,

125 2593 297 2647 »vobiscum
312 2608 379 2649 vcro
396 2595 464 2648 mihi
476 2595 557 2650 aliter
567 2596 706 2665 agendum
719 2599 770 2652 est.
788 2617 806 2644 a
822 2597 913 2665 htque
927 2595 965 2649 ita
981 2596 1100 2650 obtinuit
1115 2600 1147 2651 ut
1162 2600 1207 2653 illa

125 2685 189 2740 quae
197 2673 300 2725 statuta
309 2670 435 2738 inerant,
448 2677 664 2730 revocarentur:
676 2690 728 2730 ncc
737 2675 815 2745 prius
824 2673 858 2729 ad
865 2674 1095 2730 altare-accedere
1104 2676 1206 2742 voluit,

125 2748 180 2801 nisi
192 2746 246 2803 lide
256 2762 306 2803 sua
318 2750 468 2818 imperator
480 2752 559 2806 illum
576 2767 659 2822 agere
676 2753 778 2809 debere
795 2755 954 2809 testaretur.
971 2747 1020 2808 cui
1033 2754 1184 2823 Episcopus
1197 2771 1205 2807 :

125 2847 141 2873 α
154 2829 223 2896 Ergo
232 2841 283 2897 ago
294 2826 347 2882 side
359 2828 417 2882 tua.
432 2849 447 2877 a
459 2831 609 2899 Respondit
619 2832 770 2901 imperator
781 2845 812 2885 :o
823 2834 881 2900 Age
890 2829 1023 2886 fidemea.
1036 2832 1118 2899 »Qua
1124 2847 1208 2901 spon·

124 2906 202 2960 sione
213 2908 311 2961 iterata
320 2947 327 2973 ,
335 2907 392 2976 jam
400 2921 516 2962 securus
525 2911 633 2978 peregit
642 2910 774 2965 sacerdos
782 2909 877 2965 divina
887 2909 1028 2979 mysteria.
1040 2912 1104 2964 llaec
1112 2914 1207 2966 autem

124 2985 227 3055 scripta
238 2986 340 3041 suntin
350 2987 479 3056 epistola,
490 3002 574 3058 quam
585 2988 789 3058 adgcrmanam
801 3003 879 3043 suam
891 2987 957 3043 iecit
969 2986 980 3060 (
990 2989 1071 3057 epist.
1084 2991 1115 3043 tl
1129 2987 1140 3061 )
1155 3006 1163 3044 :
1177 2993 1206 3046 in

124 3080 180 3134 qua
192 3066 339 3120 tractatum
349 3066 481 3132 inseruit,
493 3081 577 3137 quem
585 3067 683 3123 eodem
691 3069 736 3123 dic
747 3068 845 3123 habuit
856 3067 891 3123 de
901 3068 1000 3123 baculo
1011 3082 1115 3135 nuceo,
1128 3071 1206 3140 quia

124 3145 257 3213 propbeta
269 3145 407 3199 Hieremia
419 3145 494 3200 risus
505 3159 565 3201 esse
576 3146 750 3202 describitur.

157 3226 200 3278 Et.
212 3226 264 3278 Per
273 3223 346 3278 idem
356 3225 464 3293 tempus
475 3237 558 3278 causa
569 3225 816 3280 Thessalonicensis
825 3225 946 3282 civitatis
955 3241 1010 3281 non
1019 3227 1133 3282 minima
1142 3243 1208 3285 sue

124 3303 206 3356 cessit
216 3302 358 3357 tribulatio
374 3302 531 3368 Sacerdoti,
550 3317 614 3358 cum
632 3304 775 3359 civitatem
788 3318 860 3373 pene
874 3304 993 3359 delatam
1010 3307 1205 3374 comperisset;

123 3380 286 3449 promiserat
298 3381 372 3437 enim
386 3381 425 3435 illi
439 3380 590 3451 imperator
603 3396 634 3438 se
646 3382 758 3438 veniam
772 3382 905 3436 daturum
921 3383 1028 3438 civibus
1039 3385 1206 3451 supradicte

123 3458 243 3513 civitatis
256 3475 263 3512 ε
276 3460 324 3514 sed
341 3461 487 3530 agentibus
505 3462 653 3516 comitibus
665 3464 775 3516 occulte
790 3477 855 3517 cum
867 3462 1047 3531 imperatore,
1061 3464 1206 3532 ignorante

122 3535 283 3602 Sacerdote,
297 3552 385 3607 nsque
397 3539 426 3592 in
436 3540 531 3594 horam
542 3539 654 3594 tertiam
662 3539 756 3608 gladio
765 3540 862 3594 civitas
872 3544 913 3595 est
922 3541 1023 3595 donata
1032 3580 1040 3606 ,
1050 3545 1133 3612 atque
1143 3545 1206 3612 plu·

124 3615 186 3669 rimi
199 3615 338 3671 interemti
351 3616 520 3673 innocentes.
532 3617 610 3686 Quod
622 3616 726 3673 factum
736 3619 784 3673 ubi
798 3623 925 3690 cognovit
936 3621 1084 3686 Sacerdos,
1096 3623 1204 3690 copiam

124 3692 282 3762 imperatori
292 3694 465 3765 ingrediendi
478 3696 627 3751 Ecclesiam
637 3696 786 3767 denegavit
800 3713 806 3751 :
820 3713 871 3753 nec
882 3699 960 3768 prius
969 3698 1083 3768 dignum
1090 3700 1204 3768 judica-

123 3771 164 3825 vit
175 3774 250 3827 coetu
266 3774 409 3839 Ecclesiae,
429 3775 471 3828 vel
487 3777 724 3849 sacramentorum
742 3777 952 3842 communione,
965 3792 1048 3846 quam
1062 3779 1206 3846 publicam

124 3854 218 3920 ageret
233 3852 436 3920 poenitentiam.
453 3853 503 3906 cui
515 3853 664 3922 imperator
676 3858 773 3909 eontra
784 3854 927 3911 adserebat
936 3855 1024 3910 David
1035 3856 1204 3912 adulterium

123 3929 205 3984 simul
217 3934 244 3985 et
256 3931 435 3986 homicidium
448 3935 630 4000 perpetrasse.
650 3933 703 3988 Sed
718 3947 879 4002 responsum
894 3934 968 3987 illico
983 3937 1025 3989 est
1040 3949 1047 3987 :
1061 3956 1075 3981 «
1089 3936 1141 4002 Qui
1153 3952 1206 3992 ses

124 4027 140 4056 κ
152 4011 297 4080 quotuscs
313 4012 467 4076 errantem,
483 4023 601 4077 sequere
619 4011 840 4079 corrigentem.»
856 4010 933 4080 Quod
949 4012 997 4067 ubi
1019 4012 1125 4067 audivit
1144 4016 1207 4072 cles
