2676 4800
122 466 261 498 aa·-

237 630 649 750 ouuouoaocan
676 663 1087 749 amanuenses.

583 897 772 929 aab·-

91 1058 95 1064 ’
125 1021 277 1130 anagogem
299 1079 500 1147 imperantibus
513 1079 681 1134 Constantini
699 1078 789 1149 Magni
806 1075 883 1144 filiis,
896 1077 989 1132 Gallice
1005 1091 1119 1147 nempe,
1140 1080 1206 1135 iiis-

271 1158 361 1227 panlae
379 1172 412 1211 ac
430 1157 579 1212 Britanniae
596 1160 795 1213 Consuanruvo
810 1160 946 1224 iunicum
963 1157 1074 1211 Graeciae
1092 1162 1204 1224 autem,

273 1236 396 1290 'ibraciae
413 1237 575 1307 Orienlique
588 1239 783 1302 Consularium
801 1237 885 1291 italiae
902 1250 984 1301 vero,
1002 1236 1100 1305 illyriae
1119 1241 1205 1307 atque

275 1313 554 1370 niricaecousmnm
561 1331 569 1381 ;
581 1318 694 1371 tenente
706 1316 818 1371 demum
830 1316 903 1370 Petri
917 1315 1075 1370 cathedram
1087 1318 1170 1372 luero
1183 1320 1204 1382 Ι,

274 1391 404 1462 pontifice
415 1393 547 1461 maximo,
560 1396 663 1450 beilum
672 1395 803 1450 adversus
815 1393 928 1450 fratrem
940 1397 1114 1450 constantem
1125 1398 1204 1464 parat

158 1523 161 1528 ,
272 1472 478 1538 Constantinus,
491 1476 679 1545 exceptusque
691 1473 796 1527 insidiis
807 1473 981 1529 interficitur.

308 1551 435 1606 Nascitur
447 1554 621 1619 Ambrosius,
634 1554 663 1607 in
674 1568 708 1610 ea
719 1554 868 1609 Galliarum
881 1554 966 1619 urbe,
979 1553 1027 1608 ubi
1039 1553 1133 1609 sedem
1150 1554 1203 1608 ba-

274 1630 342 1685 bere
358 1635 538 1688 consueverat
556 1631 717 1703 praefectus,
738 1633 797 1688 sive
815 1647 848 1689 ca
873 1634 997 1688 Arelates
1018 1631 1123 1697 inerit,
1144 1632 1205 1688 sive

275 1709 394 1776 Treviri,
407 1713 465 1767 sive
477 1713 650 1783 Lugdunum.

169 1789 230 1841 bitti
305 1791 446 1846 Occiditur
461 1806 477 1846 a
494 1794 611 1863 tyranno
628 1792 783 1864 Magnentio
802 1793 951 1859 Constans,
968 1792 1017 1864 qui
1034 1792 1203 1847 Constantini

132 1914 135 1919 .
275 1867 387 1924 iratus
379 1885 527 1941 imperium
539 1887 589 1928 suo
597 1873 737 1942 Junnerat

169 1950 229 2002 sua
303 1952 434 2007 iubemus
442 1967 513 2022 papa
524 1967 553 2007 ιιι
562 1952 712 2008 decessoris
720 1966 764 2008 sui
757 1953 839 2007 Juin
850 1951 944 2008 sedem
955 1951 1093 2007 suiiicrtur
1105 1967 1136 2007 ιιι
1147 1951 1203 2008 iai.

272 2030 374 2100 panias.

169 2109 230 2161 566
303 2110 452 2166 caeduntur
462 2110 633 2183 Magnentius
642 2113 671 2168 et
679 2111 811 2168 vetranio
821 2112 931 2182 tyranni
942 2126 958 2167 a
970 2112 1141 2178 Constantio,
1155 2112 1205 2183 qui

275 2190 349 2246 solus
360 2191 428 2245 tuuc
440 2192 523 2246 babet
534 2192 639 2246 orbem.

309 2271 391 2327 Patre
402 2272 526 2336 mortuo,
539 2270 699 2325 Ambrosius
711 2272 824 2324 Romam
836 2271 993 2326 revertitur.

171 2352 232 2404 biii
309 2350 482 2416 marcellina,
495 2349 729 2416 Ambrosiisoror,
742 2349 1207 2463 ebiberiopapavirgoconsecra-

275 2434 321 2487 tur
332 2431 475 2486 vinial.
464 2431 615 2500 januarias.

170 2511 230 2561 561
310 2510 425 2563 ilioritur
445 2510 619 2563 Constantius
642 2509 802 2578 imperator.
829 2508 899 2562 liuic
923 2508 1047 2565 succedit
1068 2511 1211 2572 lunianus¹

274 2588 421 2656 apostata,
432 2601 516 2657 quem
525 2587 582 2656 jam
595 2601 666 2642 anno
679 2588 728 2643 aaa
740 2591 872 2642 Caesarem
885 2587 930 2642 iiie
942 2592 1094 2642 creaverat.
1161 2589 1163 2593 ’

170 2665 233 2716 566
313 2678 346 2719 iv
357 2665 418 2719 ilai.
429 2666 511 2735 julias
524 2666 552 2718 in
564 2666 636 2720 bello
648 2667 758 2721 Persico
768 2668 870 2720 occidit
887 2667 1022 2720 Julianus.
1037 2669 1120 2737 Cujus
1137 2684 1208 2724 suc*

277 2758 369 2800 cessor
379 2737 519 2800 Iovianus
530 2745 677 2814 bnperium
690 2747 765 2801 lenet
778 2745 813 2800 ad
824 2761 962 2801 summum
977 2749 1039 2800 octo
1053 2747 1204 2806 mensibus.

170 2824 233 2878 564
309 2840 343 2879 ιιι
360 2825 420 2879 Kal.
440 2825 565 2890 martias,
579 2826 677 2880 Nicaea}
695 2826 807 2896 eligitur
823 2829 1051 2881 Vanenrrnmuus
1069 2830 1206 2896 bleonus,

275 2904 324 2975 qui
336 2903 451 2959 fratrem
464 2908 618 2961 Vauenreu
634 2905 749 2974 imperio
767 2905 867 2970 sociat,
884 2904 1126 2976 Orientalibusque
1141 2922 1202 2977 par·

275 2984 350 3039 tibus
361 2982 491 3053 praeticit,
504 2983 556 3038 sibi
569 2983 746 3040 Occidentem
763 2999 916 3040 reservans.

171 3066 232 3119 574
310 3064 485 3129 Ambrosius,
506 3065 666 3119 liberalibus
688 3064 840 3133 disciplinis
864 3065 1016 3129 educatus,
1039 3066 1159 3134 Liguriae
1176 3071 1206 3123 et

273 3143 389 3198 AEmiliae
397 3141 557 3213 praeficitur.
569 3146 629 3198 lliox
638 3144 785 3215 Episcopus
795 3144 1004 3201 biediolanensis
1017 3150 1205 3213 cousecratur,

274 3222 393 3279 vuidus
403 3223 573 3279 decembres.
665 3218 668 3222 ’

171 3305 231 3357 bili
309 3301 485 3367 Ambrosius,
498 3306 572 3357 totus
584 3303 744 3360 instruendo
756 3304 833 3374 gregi
847 3304 969 3369 deditus,
980 3304 1064 3358 libros
1076 3305 1134 3359 edit
1148 3307 1207 3375 pri·

273 3397 350 3438 mum
363 3378 398 3437 dc
408 3378 564 3448 Paradiso,
577 3388 605 3438 et
618 3385 738 3440 secundo
749 3388 830 3454 partu
843 3381 877 3440 de
891 3384 962 3440 Cuia
973 3388 1000 3439 et
1011 3383 1090 3439 Abel.

308 3462 424 3516 idoritur
446 3463 654 3519 Valentinianus
672 3466 799 3533 Magnus,
816 3479 858 3518 xv
878 3464 933 3519 kal.
955 3464 1140 3519 decembres:
1159 3467 1205 3520 cui

273 3542 426 3597 succedunt
438 3543 493 3596 duo
505 3539 554 3595 iiii
566 3544 731 3597 danstanus
742 3543 770 3598 ct
782 3544 1010 3599 Vaaeurinrnnus
1022 3546 1143 3610 Junron,
1159 3546 1206 3601 iiic

275 3635 379 3676 annum
390 3636 475 3693 agens
488 3621 535 3685 ii,
549 3621 595 3674 bic
606 3621 633 3675 l.

172 3700 229 3752 576
309 3703 397 3757 iiabet
409 3703 461 3756 boc
473 3714 544 3755 anno
560 3704 587 3754 S.
606 3701 707 3754 Praesui
724 3702 941 3772 elegantissimos
961 3703 1020 3756 illos
1032 3716 1173 3758 sermones
1189 3720 1206 3760 e

273 3781 375 3852 quibus
386 3784 480 3851 postea
492 3780 557 3833 iibri
570 3776 604 3835 cte
624 3780 788 3848 Virginibus
805 3782 961 3836 concinnati
974 3785 1048 3836 sunt.
1065 3812 1094 3820 -
1108 3776 1206 3837 ivria-

274 3874 372 3914 norum
381 3872 492 3929 quoque
501 3863 560 3912 tum
570 3859 690 3929 primum
699 3860 915 3918 machinationes
924 3862 1075 3931 experitur,
1086 3877 1204 3930 quorum

272 3938 387 3994 audacia
399 3936 520 3992 Gratiani
532 3938 592 4008 lege
605 3939 772 3994 retunditur.

169 4019 230 4070 577
307 4017 351 4072 dd
365 4016 550 4071 Mareellinam
562 4032 685 4073 sororem
698 4021 754 4074 tres
772 4020 854 4074 libros
867 4015 901 4074 de
917 4017 1081 4087 Virginibus
1095 4018 1205 4091 dirigitt

217 4135 220 4146 .
273 4095 406 4174 brevique
419 4095 447 4149 in
461 4097 551 4151 lucem
564 4091 621 4152 edit
635 4093 669 4154 dc
682 4094 783 4157 Videtis
794 4114 826 4156 ac
837 4095 872 4155 de
887 4098 976 4155 lobio
989 4100 1131 4160 tractatus.
