2676 4800
445 429 688 476 HEXAEHERON
705 430 812 475 bruera
832 431 882 474 ill.
1173 427 1203 472 bi

124 507 180 567 ὡς
197 507 307 567 dmum,
326 517 358 555 an
375 508 414 556 ris
432 509 509 556 odora
528 509 651 559 delecteti
673 512 827 570 quanter,et
838 509 1143 569 decipiuntcolligeutem.
1155 509 1203 557 Sed

125 577 252 625 tuentur
260 577 404 638 oculigraln
412 580 650 638 spectaculo‚louge
673 580 719 626 boc
731 579 766 625 ita
776 580 828 638 est,
843 591 872 625 ac
883 578 906 625 si
920 578 1088 637 reprehendas
1097 578 1202 633 terram,

126 645 212 708 Νῆα·
226 647 519 707 odorspargitur‚cujus
530 647 650 695 suavitate
673 648 800 706 quianon
821 659 906 694 omnes
927 647 1041 694 homines
1062 647 1131 694 boui.
1155 647 1202 694 Sed

127 717 276 778 mknur.
288 716 362 764 Unde
373 716 461 764 dirius
469 717 591 764 Dominus
598 717 649 764 ait:
672 717 738 774 quod
752 717 809 776 plus
820 717 858 763 est
876 716 976 775 accipe,
987 716 1045 775 quia
1056 728 1104 764 nou
1119 728 1203 762 ornnes

128 783 238 846 limas
248 787 307 847 agri
316 798 409 832 necess
418 788 469 844 αις
481 798 539 832 cum
549 786 603 845 ipso
614 789 651 832 est
673 785 731 832 boui
743 786 828 844 Augeli
839 786 865 832 in
874 786 945 832 cmlo.
955 786 995 833 Sol
1004 785 1056 844 ipsc
1065 798 1115 845 pre
1126 785 1203 831 nimio

128 853 180 901 tin
193 867 271 915 quam
291 855 348 916 ipsc
363 853 491 902 romarii.
509 855 570 913 Quis
584 856 650 902 eninr
673 855 753 902 calore
762 857 843 914 spicas
857 856 947 914 torret,
960 855 1043 901 adurit
1057 856 1140 901 autern
1151 854 1203 912 gig-

128 919 177 970 llius
188 922 284 971 aratu
303 921 385 982 possit
400 922 495 968 mutam
506 935 589 969 rerum
600 923 650 969 sin·
674 925 786 973 nentium
796 924 875 984 prima
890 924 1001 970 exordia.
1018 924 1088 970 Luna
1104 934 1202 983 quoque

129 989 224 1047 mm!
241 993 391 1052 exprimere
407 990 577 1039 venustatem!
590 993 650 1039 con·
673 992 798 1039 viantibus
819 992 869 1039 iter
890 992 1058 1050 demonstrat,
1079 993 1203 1038 latronum

128 1057 212 1106 &uo
220 1058 273 1106 tau
284 1060 356 1118 agri,
367 1060 476 1118 quantus
485 1059 518 1106 sit
528 1059 616 1106 mudor
625 1059 650 1106 iu
673 1061 755 1119 prodit
766 1059 876 1108 insidias.
887 1061 950 1106 Num
967 1061 1044 1119 igitur
1052 1060 1155 1116 dignum
1166 1058 1204 1104 est

81 1154 83 1169 .
130 1121 193 1185 lillis,
202 1125 418 1187 quemadmodum
429 1126 519 1187 stipata
530 1127 582 1185 ipsa
592 1127 649 1174 lolia
673 1131 701 1176 ut
712 1130 737 1176 iu
750 1129 788 1175 bis
798 1142 853 1187 qum
863 1129 936 1175 utilia
947 1132 1018 1185 aunt,
1030 1126 1205 1187 posthabentes

81 1224 83 1243 r
129 1189 211 1240 otus
224 1193 256 1241 sd
273 1206 405 1241 summum
423 1193 555 1242 videantur
570 1207 650 1242 assur-
673 1197 808 1244 conditoris
826 1198 931 1255 gratiam
954 1197 1083 1254 confiteri,
1104 1196 1205 1254 propter

129 1263 325 1323 nrcmqulu
339 1261 486 1323 exprimant
496 1261 610 1323 formam,
622 1265 650 1312 ut
674 1267 757 1325 aliqua
786 1266 960 1312 alimentorum
986 1265 1060 1311 noxia
1087 1263 1205 1311 creatoris

131 1330 176 1377 uri
189 1331 300 1391 qudam
315 1332 417 1392 species
436 1331 503 1378 intus
520 1332 649 1394 eliulgeat,
673 1334 857 1394 prospicientia
878 1334 1037 1393 derogemus,
1056 1334 1125 1394 quasi
1144 1344 1205 1380 reru

129 1408 175 1456 qn
184 1399 266 1447 meu
280 1400 347 1447 sallo
368 1400 396 1446 iu
413 1399 520 1447 circuitu
531 1401 597 1450 tioris
607 1403 651 1450 ob-
674 1405 756 1450 omnia
767 1404 830 1463 qula
841 1415 913 1450 causa
925 1403 1058 1450 debuerint
1068 1401 1203 1464 procreari,

129 1469 185 1528 spe
194 1470 258 1518 nulii
266 1471 355 1530 pateat
367 1466 476 1529 iujuriae.
488 1470 514 1516 Si
523 1470 577 1530 quis
584 1471 649 1519 bunc
674 1472 717 1518 aut
733 1473 824 1531 exigua
840 1472 890 1518 sint
904 1483 959 1531 quae
972 1471 1055 1518 ventri
1069 1471 1151 1517 nostro
1164 1469 1203 1516 di·

129 1534 434 1599 brendeeerpat,etsua
447 1538 525 1585 solvat
540 1539 566 1586 iu
581 1539 649 1599 tolia,
674 1540 732 1587 rina
752 1540 905 1601 induigentia
925 1541 1112 1588 ministraverit.
1137 1539 1203 1586 Deli-

128 1617 168 1664 ηπ
179 1611 240 1657 tanti
251 1610 293 1657 est
302 1607 408 1656 aruficis
416 1620 502 1654 manus
513 1621 567 1668 quae
575 1611 649 1669 possit
673 1609 731 1656 uitae
742 1611 811 1658 uobis
820 1623 882 1658 escae
890 1613 960 1669 suut,
971 1611 996 1656 et
1004 1611 1069 1657 notas
1078 1608 1201 1666 omuibus,

128 1674 162 1724 liii
180 1678 293 1738 speciem
314 1675 471 1724 retonuarei
489 1677 549 1735 Quis
568 1679 650 1726 tantus
672 1691 727 1737 que
743 1682 768 1726 et
783 1680 936 1739 voluptatem
952 1678 1086 1738 generent,
1102 1679 1128 1725 et
1146 1690 1202 1724 cor-

128 1743 220 1794 iuibtor
226 1747 344 1803 natura,
355 1746 386 1791 ut
395 1743 481 1791 liorem
493 1745 557 1792 bunc
568 1747 650 1794 redin·
673 1748 739 1805 poris
749 1748 929 1795 salubritatem.

128 1815 206 1874 tegare
216 1815 369 1875 presumat,
377 1814 419 1860 cui
427 1813 547 1860 Dominus
554 1816 648 1862 latum
702 1815 741 1863 39.
754 1816 853 1875 Singula
866 1817 948 1863 autem
960 1829 1111 1876 eorumquae
1126 1828 1201 1874 geue·

126 1882 284 1932 tutinmium
297 1885 373 1942 tulit,
384 1884 415 1930 ot
424 1882 520 1930 diceret
531 1896 537 1928 ε
549 1885 598 1931 Nec
606 1887 650 1932 Su·
673 1885 759 1930 rantur
776 1896 790 1930 e
810 1884 898 1942 terris,
916 1884 1049 1942 specialem
1071 1883 1201 1942 quamdam

127 1951 190 2000 buon
198 1957 222 2001 irs
232 1955 303 2002 omri
312 1954 392 2014 gloria
401 1966 446 1999 ssu
453 1954 486 1999 sic
495 1946 647 2010 vestiebatur,
672 1951 794 1999 rationem
812 1953 919 2012 babent,
931 1966 985 2013 quaa
1002 1965 1046 2013 pro
1061 1952 1128 1998 virili
1144 1964 1201 2010 por-

127 2022 249 2070 mim
259 2037 293 2069 ex
301 2019 371 2069 istis?
382 2021 437 2066 lieu
448 2020 649 2079 opulentissimus
673 2020 740 2067 tione
751 2022 876 2081 complent
887 2022 1008 2068 uniuersas
1019 2020 1200 2080 plenitudinem

127 2091 146 2134 et
161 2091 363 2151 sapientissimus
383 2088 487 2135 interior
505 2088 647 2150 judicatur,
672 2089 799 2137 creaturae.
817 2091 869 2137 Alia
881 2093 938 2149 er'go
949 2091 1017 2148 esui,
1028 2089 1076 2136 alia
1091 2088 1133 2134 alii
1144 2102 1201 2136 nas·

127 2169 186 2216 quau
196 2160 272 2218 liujus
284 2159 357 2206 boris
367 2157 517 2216 pulcritudo.
672 2160 760 2204 cuntur
778 2161 845 2206 usui.
860 2160 927 2206 ltibil
945 2161 1029 2218 vacat,
1047 2158 1111 2204 nibil
1126 2159 1200 2205 inano

148 2227 184 2273 57.
190 2228 254 2286 Quid
264 2238 417 2275 enumerem
424 2238 508 2272 succos
516 2225 647 2274 barbarum
672 2228 793 2285 germinat
802 2229 876 2276 terra.
887 2229 955 2287 Quod
968 2230 1012 2276 tibi
1022 2229 1094 2288 putas
1101 2228 1200 2286 inutile,

127 2296 238 2344 ulubroei
247 2297 312 2358 quid
322 2294 489 2354 virgultorum
499 2307 526 2340 ec
534 2294 647 2343 soliorum
672 2296 795 2342 aliisutile
805 2299 855 2354 est3
866 2298 941 2344 immo
950 2297 997 2355 ipsi
1007 2296 1201 2354 tibiirequenter

127 2366 238 2413 mediat
245 2368 344 2413 servus
353 2375 420 2423 aeger
427 2365 578 2412 ramusculos
587 2365 647 2412 oleas
672 2364 720 2410 alio
730 2365 770 2412 est
780 2377 826 2411 usu
836 2365 908 2412 utile.
927 2365 997 2422 Quod
1008 2376 1087 2410 escam
1099 2376 1148 2410 nou
1157 2365 1202 2410 ad·

129 2435 261 2493 matthei
275 2446 356 2482 sanus
369 2433 407 2480 fit.
423 2433 538 2480 Locustas
552 2447 647 2494 quoque
672 2431 755 2490 iurat,
778 2430 929 2476 medicinam
949 2430 1078 2488 suggerit:
1090 2432 1116 2475 et
1135 2442 1201 2488 sepo

130 2501 647 2562 bbaoleearrosaliberautabaegritudiuo.
673 2499 760 2545 eadem
780 2510 836 2558 qum
856 2498 912 2544 tibi‘
926 2496 1003 2545 noxia
1025 2496 1095 2554 sunt,
1114 2496 1202 2543 avibus

128 2571 188 2620 liubi
201 2572 256 2620 tolia
271 2570 416 2632 superiacta
425 2570 550 2631 serpenti,
560 2571 649 2618 iuteri—
673 2570 715 2615 aut
723 2566 782 2615 teris
790 2565 920 2614 innoxium
926 2565 1067 2612 ministrant
1074 2564 1200 2624 pabulum.

129 2642 264 2690 mrtem
283 2640 384 2689 eutices
399 2651 449 2689 ueu
460 2640 561 2700 laugeut
576 2641 617 2700 te,
627 2641 648 2688 si
673 2637 784 2696 Denique
796 2635 875 2683 sturni
885 2634 1019 2683 vescuntur
1028 2633 1126 2680 conium
1136 2666 1143 2692 ,
1155 2645 1202 2680 nec

128 2709 235 2759 Maluit
247 2711 356 2758 berbaur
371 2720 429 2756 cum
444 2708 499 2756 olco
509 2721 611 2769 smnus,
624 2711 649 2757 et
674 2704 753 2752 fraudi
764 2704 803 2751 est
814 2705 863 2763 eis,
874 2703 990 2764 quoniam
1002 2713 1047 2761 per
1057 2701 1201 2761 qualitatem

129 2778 353 2842 eotepermeris.
674 2772 712 2819 sui
735 2773 844 2831 corporis
866 2783 992 2818 venenum
1014 2771 1080 2817 succi
1103 2770 1202 2817 lethalis

350 2879 408 2890 ....
675 2841 790 2888 eradunt.
803 2840 901 2900 Frigida
912 2841 979 2886 euim
990 2839 1028 2885 vis
1038 2839 1093 2898 eius
1101 2838 1139 2885 est
1149 2851 1200 2886 suc·

283 2936 414 2991 mm.
433 2937 477 2988 lx
675 2909 711 2967 ci,
725 2921 800 2969 quaru
816 2908 948 2955 subtilibus
964 2907 1063 2965 porisin
1074 2907 1153 2954 cordis
1163 2907 1201 2954 sui

480 2971 487 2988 ⁶
674 2978 758 3025 sedem
776 2977 939 3035 ducentibus,
950 2977 1054 3036 praecoci
1066 2976 1201 3034 digestione

128 3049 650 3098 mmummmuonsrnmuonsgemmi;
675 3046 856 3107 praeveniunt,
877 3047 1020 3106 priusquam
1042 3044 1128 3091 vitalia
1150 3045 1202 3103 ipsa

149 3113 197 3142 ω’
205 3105 264 3153 ³¹⁰⁶
271 3108 311 3169 9¹¹¹
321 3106 413 3169 ΨΜ
420 3105 496 3163 ·.²¹¹⁸‘³
505 3106 530 3141 ‘¹¹
539 3105 605 3148 '¹⁸¹⁰‘
617 3108 650 3141 ³¹·
675 3114 807 3174 pertentet.
817 3115 976 3162 lielleborum
986 3113 1070 3159 autem
1081 3111 1154 3170 periti
1166 3112 1203 3156 lo-

150 3159 222 3203 quud
236 3168 298 3196 m
312 3158 413 3196 artaudi
428 3159 553 3195 instinctum
568 3157 650 3202 brulis.

152 3209 268 3250 m„
276 3215 381 3250 ,mm
391 3211 449 3249 nm,
459 3210 567 3249 mmm,
579 3211 649 3259 Quam
675 3186 784 3243 quuntur
802 3196 881 3231 escam
901 3196 953 3231 esse
972 3184 996 3229 et
1007 3181 1147 3227 alimoniam
1164 3191 1203 3225 ce

152 3262 222 3302 hm
234 3265 284 3304 erdo
296 3268 321 3304 m
338 3270 405 3303 serra
421 3263 585 3303 fructificatione
604 3274 650 3302 ser-
677 3254 820 3310 turuicum,
839 3265 869 3299 eo
887 3252 951 3311 quod
970 3248 1077 3297 naturali
1097 3248 1203 3307 quodam

157 3318 219 3355 “⁸²
677 3322 870 3381 temperamento
881 3321 918 3366 sui
931 3319 1039 3376 corporis
1050 3317 1100 3360 viru
1119 3314 1203 3373 pabuli

158 3416 195 3464 g,
215 3413 263 3464 gn,
282 3418 346 3465 5050
367 3416 453 3464 dicant
472 3415 548 3475 ,liqui
565 3430 571 3461 :
587 3415 651 3473 Quid
676 3391 786 3437 nocentis
795 3389 898 3435 evitent.
907 3386 1005 3432 Etenim
1016 3383 1036 3431 si
1048 3384 1142 3430 ratione
1151 3395 1205 3429 me·

130 3484 361 3546 wgffiuffligu,
370 3484 652 3543 ,giamleffifflaetpffi
676 3460 763 3506 diciuae
774 3458 919 3517 plerumque
930 3454 962 3501 ad
971 3453 1140 3501 salubritatem
1158 3452 1204 3500 bu-

130 3555 216 3602 m
233 3555 385 3615 ‘mmm
397 3553 408 3599 q
428 3555 488 3600 eum
509 3552 593 3599 „mco
613 3564 652 3596 ω,
677 3529 743 3577 mani
753 3538 851 3587 quoque
863 3525 971 3584 corporis
981 3524 1133 3583 temperatur
1143 3556 1151 3582 ,
1163 3525 1204 3570 cui

130 3620 276 3684 ,qumod
285 3623 352 3670 inge,
359 3621 542 3669 alimentum
551 3621 651 3667 ,mium
676 3596 775 3644 videtur
787 3607 839 3640 esse
850 3594 1000 3640 contrarium
1010 3604 1016 3638 :
1026 3594 1116 3652 quanto
1127 3591 1205 3651 magis

129 3694 245 3751 m„
283 3692 311 3738 εἴ
330 3690 378 3738 ,1555
398 3689 534 3750 ,mmm
555 3687 652 3745 suem,
676 3664 826 3724 proprietate
839 3663 931 3709 naturas
947 3662 978 3708 ad
995 3660 1077 3707 cibum
1093 3659 1203 3720 prolicit,

130 3725 331 3809 mistam
341 3771 442 3807 nocem,
454 3758 524 3803 lupe,
534 3755 652 3815 ,11an
677 3733 741 3794 quod
759 3732 856 3778 medica
871 3743 946 3779 mauu
957 3729 1108 3778 convertitur
1123 3729 1153 3776 ad
1168 3742 1206 3776 sa·

131 3831 326 3887 mmmmm
332 3830 390 3877 ,ige
399 3827 558 3876 penem-um
567 3825 653 3885 deme,
678 3800 769 3848 luterni
779 3801 825 3846 Per
835 3800 1017 3858 mandragoram
1032 3809 1129 3858 quoquc
1140 3810 1204 3844 som-
1297 3838 1301 3843 ,

131 3899 247 3948 mim·
263 3900 365 3947 mum
383 3907 484 3959 quoque
504 3893 591 3940 sanun,
605 3893 654 3941 fre„
678 3883 723 3917 nus
738 3869 879 3948 frequenter
889 3867 1038 3948 accersitur,
1052 3867 1096 3912 ubi
1108 3866 1205 3925 vigilia-

187 3966 191 3975 ·
678 3950 733 3984 rum
744 3934 1133 3996 aegrralllrctanturrncommodo.
1145 3935 1204 3981 Nam

148 4036 584 4094 ‘tuldtpmmmmmunw
602 4045 652 4074 mm
678 4002 780 4085 quidde
791 4007 846 4065 opio
862 4005 1037 4085 loquor,·quod
1048 4003 1122 4083 etiarn
1134 4003 1205 4078 nobis

133 4093 315 4136 lanima
678 4072 821 4132 quotidiano
829 4086 955 4135 propeusu
965 4073 1081 4130 innotuit,
1089 4081 1204 4130 quomam

253 4161 272 4202 l.
