2714 4794
187 318 234 370 m
570 321 701 367 sinent
724 320 898 370 innnosll

188 407 248 452 tunc
264 401 399 451 advertisse
417 401 468 450 ilos
484 400 551 462 qnod
560 414 624 463 sque
640 402 720 450 omnis
744 407 932 468 mense‚prinro
943 404 985 454 dle
996 403 1103 462 mensis,
1116 401 1268 457 nmium

188 473 340 521 recessisset.
351 474 385 519 Ac
400 470 437 519 sic
447 483 527 519 snnns
542 472 671 520 conclusus
680 485 720 518 os·
743 485 802 520 rum
817 476 916 523 sanctm
930 474 981 521 lios
994 485 1003 520 c
1018 473 1055 520 its
1072 473 1174 521 consui
1191 475 1268 525 code!

188 541 301 591 tenditur
308 539 488 588 sescentesimo
496 539 577 598 primo
587 541 719 599 snnolloe,
743 552 846 590 nomem
856 556 904 603 quo
919 541 1074 590 cumulatum
1089 540 1143 598 cot,
1154 541 1268 592 diluvi-

188 613 216 659 in
226 610 333 659 secundo
341 608 441 656 mense*
450 608 555 667 septimo
567 613 593 656 et
604 608 720 665 vicesimo
745 619 797 655 esse
806 609 974 658 imminutum.
982 608 1053 656 Unde
1062 606 1268 673 docetnosdmlp

188 681 289 728 mensis.
299 679 371 738 Quod
380 678 459 738 luitur
475 677 507 724 sd
518 677 719 737 explanationem
744 677 799 724 turs
809 679 923 726 ordinem
932 690 987 726 esse
994 676 1155 725 sensndm

188 751 299 812 apertum
313 749 435 810 pertinet,
446 747 533 794 eodem
548 759 634 795 mense
644 749 720 807 atque
775 746 814 794 oi.
825 748 895 806 Quod
901 747 986 795 nutem
997 747 1089 794 ostium
1097 745 1131 794 sit
1138 746 1268 810 moni

190 820 278 869 eodem
293 819 334 867 die
349 818 489 867 restituitur
505 817 634 878 equalitas
648 818 720 866 terrm
745 815 843 875 speruit
856 815 950 876 iustus,
966 813 1104 863 secundum
1118 815 1268 876 coepertum

190 888 245 948 post
260 888 402 947 diluvium,
419 898 469 947 quo
491 887 607 946 corrupte
627 888 665 934 est
682 885 721 933 in-
745 883 838 932 tionem
859 897 933 947 snpra
952 884 1048 934 dictum
1066 884 1115 932 cst.
1135 884 1268 935 &emin

190 957 298 1019 ciplcnte
313 956 438 1004 iniuslonc
451 955 550 1003 diluvii.
565 955 636 1002 Veris
655 955 721 1003 enirn
746 952 859 1001 citiorem
870 954 954 1001 sutem
969 951 1268 1012 interpretstioneuifl

189 1029 302 1088 temporo
310 1028 390 1073 omnis
397 1025 541 1084 aperiret,
552 1025 579 1072 et
589 1025 654 1072 terre
664 1037 722 1084 par-
745 1020 878 1070 dicendum
884 1020 1066 1082 ridetur2qnod
1073 1021 1268 1082 corporum

190 1096 251 1144 turit
267 1094 370 1142 irnctm.
381 1095 448 1140 Tunc
463 1092 587 1152 incipiunt
597 1105 721 1153 gemmare
746 1089 817 1137 velut
833 1090 952 1138 ostiorum
970 1090 1066 1138 similes
1083 1088 1218 1142 nebant.
1228 1090 1268 1139 ΙΙ

189 1164 307 1222 arbores,
327 1163 466 1222 germinare
490 1160 594 1209 nucius.
612 1162 721 1209 Divitem
747 1157 868 1206 hosenim
879 1159 1003 1219 temqusm
1013 1160 1129 1219 perustis
1140 1158 1268 1222 ingre&

190 1245 248 1294 erpo
273 1232 417 1281 minoravit
447 1232 566 1278 Dominus
598 1233 625 1280 et
649 1231 723 1280 resti·
747 1225 772 1272 in
784 1230 891 1275 nostram
902 1231 1010 1276 mentm
1020 1228 1268 1288 reiciendo-su·

189 1304 239 1350 tuit
248 1302 402 1362 qualitatem.
419 1300 501 1346 diense
512 1299 588 1359 igitur
598 1299 721 1354 secundo,
746 1295 857 1344 sibilium
868 1297 1063 1357 comprehensio.
1075 1298 1268 1357 monna·

191 1371 238 1418 hoc
255 1373 309 1428 est,
324 1368 400 1428 aprili
414 1366 528 1428 (primus
544 1368 612 1414 enim
629 1370 721 1414 mensis
747 1363 836 1422 tmper
846 1365 987 1414 hossensus
996 1366 1123 1425 resploerc
1130 1366 1268 1427 videta

175 1439 294 1486 'martiris
305 1439 342 1485 est
356 1449 406 1496 quo
415 1436 491 1483 habet
504 1435 587 1493 iustus
598 1437 721 1495 nntuiem,
746 1433 855 1480 maxime
872 1445 919 1494 per
934 1434 1072 1493 visionem,
1089 1446 1148 1494 qna
1164 1432 1268 1485 db

189 1507 288 1567 quando
305 1505 416 1554 noctium
431 1505 577 1564 dierumque
594 1505 721 1564 [equalitas
746 1501 859 1548 sensibus
870 1502 978 1562 corporis
992 1501 1162 1563 premissum
1172 1502 1267 1554 ab

190 1576 339 1634 estimetur,
350 1575 396 1620 hoc
405 1574 457 1629 est,
469 1573 606 1632 octsro,ut
617 1574 719 1620 llomsnl
747 1567 801 1626 tun
812 1570 871 1628 qula
882 1569 1017 1618 domestice
1025 1572 1064 1618 est
1072 1570 1190 1633 rumim,
1198 1572 1268 1635 m

191 1644 291 1704 poeni,
302 1645 343 1691 rel
355 1646 383 1689 ut
393 1642 453 1699 ulii,
464 1641 551 1701 quinto
564 1641 619 1688 Kal.
631 1641 720 1703 uprii.)
747 1647 800 1683 cem
816 1636 981 1698 adspicientes
990 1638 1096 1698 ciclum,
1105 1641 1212 1702 terrum
1221 1650 1267 1691 Ι·

191 1722 291 1772 mense,
318 1711 432 1773 inquam,
459 1711 581 1769 secundo,
605 1710 651 1758 hoc
671 1710 721 1770 cst,
747 1705 797 1761 ria,
814 1708 891 1756 sotem
906 1721 1019 1770 quoquc,
1036 1710 1140 1769 innam,
1155 1710 1268 1761 sim

190 1781 277 1843 aprili,
288 1781 392 1845 septime
404 1780 430 1827 ct
439 1779 558 1839 vigesima
568 1779 660 1827 mensis
671 1791 722 1826 coe-
747 1774 836 1831 quibus
843 1776 899 1825 axis
907 1779 1016 1836 ornetur,
1027 1777 1266 1838 inteilipimnltn

192 1849 230 1910 pit
243 1848 374 1897 diluvium.
385 1850 436 1897 Ver
451 1848 527 1907 igitur
547 1848 648 1895 liuttium
664 1849 721 1895 anui
747 1846 960 1904 ‘sseoperntorcm
968 1845 1264 1909 mundlctqucrsctsrn,

190 1918 341 1975 estimetur,
352 1929 402 1965 non
418 1916 556 1965 secundum
571 1928 643 1964 usum
659 1918 722 1964 tem-
747 1920 792 1957 uec
802 1913 856 1960 sine
867 1917 1028 1964 auctorciteo
1037 1917 1268 1979 nummusque

192 1988 271 2048 poris,
281 1986 325 2036 sed
341 1987 476 2035 secundum
491 1987 585 2035 nature
600 1999 722 2047 prsercrs-
747 1983 939 2032 rumconditoro
949 1985 1002 2033 iisse
1012 1984 1266 2046 pomi-scureto·

192 2057 284 2111 tiramz
294 2057 323 2103 ut
333 2055 391 2116 qnia
402 2058 460 2103 tunc
471 2067 528 2115 spes
537 2056 597 2102 suni
609 2056 722 2113 inchoat,
748 2060 815 2108 mus,
825 2053 868 2099 sut
875 2064 946 2112 posse
957 2053 1100 2102 consistere.

194 2127 220 2173 ct
236 2125 325 2186 incipit
339 2138 366 2173 se
384 2124 479 2171 tructus
500 2123 644 2183 ostendero,
660 2125 723 2172 tunc
778 2116 1266 2182 osrernsncrfflcmtesesmm

193 2193 305 2242 rideatur
320 2192 378 2240 unni
398 2204 453 2240 esse
471 2192 631 2252 principium.
644 2192 723 2252 Septi·
748 2189 1039 2247 primumiustnsemislt
1050 2192 1261 2251 mnndum

192 2264 338 2310 mussutem
349 2261 581 2309 nenslssecnndum
590 2273 721 2309 numerum
747 2270 793 2305 nec
809 2260 893 2308 tumen
908 2262 969 2309 istst
983 2263 1105 2322 quantun
1118 2261 1152 2310 nd
1168 2258 1267 2313 noun·

192 2332 214 2378 is
224 2332 267 2391 qni
282 2331 424 2392 september
434 2330 539 2391 dicitur,
550 2333 721 2392 computetur3
747 2329 870 2389 pertiuet3
889 2333 946 2391 quis
964 2331 1078 2392 plerique
1094 2332 1166 2393 qussi
1180 2340 1264 2381 m

192 2400 249 2459 qnia
260 2400 335 2447 cislo
351 2398 485 2459 septembri
496 2411 580 2447 mense
591 2412 670 2448 eunus
684 2401 723 2447 ri·
749 2397 811 2443 tium
829 2398 967 2447 futurorum
983 2410 1086 2447 corvum
1098 2396 1262 2461 artium

191 2468 279 2516 deutur
305 2468 432 2529 incipere,
455 2469 521 2516 sicut
555 2468 722 2515 indictionum
747 2477 820 2513 voces
837 2467 890 2527 elus
908 2465 1057 2528 observent,
1075 2468 1216 2530 volsum
1229 2466 1268 2527 na,

191 2536 350 2596 presentium
367 2549 425 2584 usus
441 2537 550 2584 ostendit
561 2535 639 2597 (tnnc
655 2538 722 2584 enim
746 2538 853 2584 mentor.
864 2538 954 2586 Sensus
971 2538 1054 2585 sutem
1071 2534 1257 2600 sltiorsiprifl

192 2606 313 2652 seminum
331 2605 426 2667 incius)
443 2618 503 2654 vere
522 2610 607 2652 lernen
625 2618 659 2654 ex
675 2619 722 2666 quo
747 2605 811 2662 quod
828 2619 898 2653 mens
912 2605 975 2664 justi
992 2604 1092 2666 quande
1110 2606 1224 2659 muchs,
1234 2612 1268 2651 1--

192 2673 290 2732 plenior
305 2673 382 2730 aretin
397 2685 424 2719 se
439 2672 529 2732 incipit
543 2672 722 2733 demonstrare,
738 2671 852 2734 incipit,
870 2688 924 2734 ques
943 2675 1072 2722 tenebrose
1090 2676 1167 2735 sunt,
1182 2674 1207 2724 ot
1218 2670 1268 2725 br

193 2753 226 2787 cn
245 2752 274 2788 eo
292 2739 351 2786 unni
368 2741 437 2800 origo
455 2741 614 2801 subducitur3
626 2740 652 2788 et
667 2742 723 2789 ideo
747 2736 1268 2805 munemeltemermiaprimcsssrspffl'

192 2807 721 2869 quialiamtionsprimusputatur,divmss
747 2811 872 2871 Siquidem
902 2813 983 2860 omnis
1007 2812 1182 2875 impudentis,
1197 2811 1265 2871 ψ’

192 2875 357 2924 estimatione
379 2875 499 2936 septimus
522 2876 637 2925 habetur.
656 2878 723 2924 'inne
747 2879 819 2939 culpe
834 2880 963 2927 tenebrosa
980 2880 1036 2939 est,
1047 2880 1074 2928 et
1084 2874 1268 2941 cuemund*

193 2957 251 3007 ergo
262 2944 327 2992 sedit
334 2957 403 3005 arcs,
415 2945 461 2992 iroc
472 2947 523 3004 est,
534 2947 560 2993 in
571 2959 655 2994 mense
667 2960 724 3007 sep-
747 2951 801 3008 tur,
812 2949 970 2997 sicutcorrus
981 2962 988 2995 c
999 2949 1090 3010 lumini
1099 2914 1268 2999 uturffll

193 3013 253 3061 timo
261 3044 269 3072 ,
277 3013 380 3072 septima
390 3014 416 3061 et
423 3013 541 3072 risesims
550 3015 641 3063 mensis
648 3028 724 3074 super
747 3017 827 3065 virtus
837 3030 892 3077 quse
904 3019 995 3066 mentis
1004 3019 1115 3079 puritate
1125 3012 1253 3081 stiffi·

192 3083 302 3131 montem
313 3082 435 3142 quadrati.
448 3083 485 3129 Ex
501 3083 544 3131 illo
559 3083 638 3130 minui
657 3084 723 3131 dlln-
747 3088 797 3132 tute
808 3087 958 3148 resplendet.
970 3088 999 3134 st
1008 3082 1261 3151 ideotcnpmd.

192 3150 262 3200 rium
280 3150 363 3209 coepit.
375 3150 452 3197 Simul
470 3151 596 3198 considers
606 3151 665 3212 quis
676 3152 723 3198 els-
747 3152 807 3200 titrrr
817 3154 844 3202 et
861 3154 960 3215 iugatur
969 3155 1058 3215 culpe,
1070 3156 1097 3204 et
1107 3146 1254 3218 seponit!

192 3219 249 3268 dem
260 3217 369 3266 numeris
384 3219 474 3279 qulbus
488 3220 571 3280 sitque
585 3220 721 3281 incipiunt,
747 3223 901 3284 innocentia,
914 3225 942 3272 ut
955 3224 1020 3271 nihil
1036 3227 1167 3275 resument
1181 3222 1206 3273 ln
1218 3216 1254 3271 rit

191 3287 723 3347 resolvuntur3utdiluriumcoepitsecundo
744 3290 1254 3357 justimentetenehrosumdlentqesw

191 3368 276 3405 mense
287 3357 360 3416 unni,
371 3357 477 3417 septimo
488 3359 514 3405 et
523 3357 642 3417 vigesima
651 3371 722 3406 ruen-
746 3373 786 3408 sus
802 3374 890 3410 corvus
906 3375 955 3410 non
970 3363 1108 3411 revertitur
1122 3362 1153 3413 sd
1166 3362 1255 3424 insint

192 3425 248 3473 sis:
268 3427 368 3473 centum
385 3425 562 3487 quinquaginta
580 3426 668 3474 diebus
683 3427 723 3474 in·
746 3430 802 3489 quis
810 3430 918 3491 fugitans
929 3431 1008 3478 omnis
1016 3432 1089 3492 culpa
1100 3426 1256 3495 ecquod,

192 3492 267 3540 iinrit
281 3494 416 3554 diluvium,
431 3496 532 3542 centurn
544 3495 721 3555 quinquaginta
746 3510 792 3544 nec
803 3500 920 3559 probitati
931 3499 1031 3548 videtur
1041 3498 1257 3559 etlustillmtl·

193 3560 281 3608 dicbus
299 3561 354 3608 sllis
372 3561 446 3609 cessit
462 3562 602 3610 diiurlm:
618 3563 722 3623 qusdrs-
747 3569 809 3615 niro.
822 3568 935 3630 Denique
953 3568 1061 3617 evasisse
1071 3581 1100 3618 so
1111 3566 1268 3629 crcdltffl-'ff

192 3630 261 3691 pinis
278 3628 365 3677 dicbus
382 3631 459 3677 nimis
476 3631 516 3679 ris
534 3631 629 3678 coelestl
643 3632 721 3680 imbre
746 3628 1268 3700 iustamqusmdcrincnlimcumWT

194 3695 331 3745 etiontlum
347 3699 476 3756 eruptione
490 3698 650 3757 exestuant,
662 3713 722 3760 quu-
747 3705 800 3763 ejus
817 3720 844 3753 sc
864 3707 987 3755 consortio
1004 3708 1172 3768 seposuerit,
1185 3696 1268 3761 fflj‘

194 3763 305 3823 drnglnts
320 3763 407 3813 diebus
418 3767 474 3814 silis
488 3769 583 3816 exactis
593 3770 722 3829 postquam
747 3775 872 3832 cuiusdam
888 3777 914 3822 ct
930 3775 1078 3833 corruptelas
1094 3762 1262 3835 trniilsmfl

194 3831 247 3880 risu
262 3831 320 3879 sunt
337 3832 418 3892 capita
438 3836 574 3896 montium,
590 3836 722 3885 undecimo
746 3855 833 3890 corvus
845 3843 888 3903 qui
903 3856 960 3891 cum
976 3843 1119 3892 siccitatem
1133 3844 1264 3894 mn·

745 3924 818 3972 quum
831 3911 969 3972 inveniret,
980 3924 1029 3961 non
1046 3925 1162 3964 rerem
1171 3896 1268 3972 ctist

215 3986 286 4027 ‘Edit
296 3986 371 4027 senen
383 3988 408 4025 in
416 3990 494 4027 serendo
504 4002 559 4030 cuno.
745 3981 870 4027 remansit.
