2676 4800
128 350 156 395 ιγ.)
450 372 454 377 -
509 335 641 398 'sauear
663 353 834 397 aunaosrr

128 435 156 480 ut
167 444 179 478 a
191 433 295 481 veritato
305 432 337 480 sit
346 429 454 494 devium)
462 433 523 481 illud
534 434 661 489 advertat,
687 434 750 480 ciem
762 435 798 481 sui
815 432 906 491 siguai3
919 433 952 479 ita
971 434 1045 479 etiam
1064 433 1090 479 iu
1100 434 1217 493 myricis,

127 502 184 559 quia
196 514 350 562 nequaquam
360 502 412 549 lieri
424 504 517 561 potest,
527 506 554 551 ut
564 504 662 552 nunaut
687 503 712 548 ld
723 505 775 560 cst,
788 501 922 549 humilibus
932 500 1044 561 virgultis
1052 500 1157 560 figuram
1167 503 1216 548 im-

127 571 261 617 acmiuibus
277 573 377 618 utantur
391 572 503 618 universa
521 572 662 631 gignentia,
686 572 766 629 probae
777 570 918 618 calliditatis
928 569 1058 628 expressit.
1070 569 1215 618 sicutenim

127 639 168 685 aut
179 639 286 686 habeant
296 641 377 700 aliqua
395 654 449 700 aquae
458 641 588 688 videantur
603 654 659 686 cuna
685 639 778 699 duplici
789 639 861 686 cordo
879 639 927 685 viri
939 639 1029 698 ubique
1045 630 1214 698 praestosunt,

127 709 218 756 virtute
241 711 361 757 seminum
377 711 508 757 convenire
525 725 532 757 z
549 711 621 773 idque
639 711 658 757 si
684 708 709 754 el
717 708 820 767 gratiam
829 707 1132 766 simplicitatemqueapud
1140 707 1216 755 bonos

127 778 182 836 quis
192 779 323 838 diligenter
333 780 458 837 intendat,
467 779 596 827 manifesta
609 780 659 826 tes-
683 778 854 836 praetendunt,
866 780 893 823 et
907 775 1072 823 vitiosissimis
1087 776 1213 835 glutinan-

126 846 259 894 tilicatioue
268 849 360 908 poterit
369 848 656 907 comprehendereb'ihil
684 848 723 893 tur
731 861 737 892 ε
745 848 779 895 ila
790 848 864 894 etiam
875 848 901 893 et
912 847 938 892 in
949 846 1046 904 aquosis
1057 846 1084 892 et
1094 846 1121 892 in
1132 845 1213 894 deser·

127 914 556 975 videnturseminislraberesalices3
566 914 656 964 babent
683 915 714 961 tis
731 915 964 974 contrarioquodam
981 927 1026 960 usu
1038 914 1090 961 lraec
1106 915 1213 974 virgulta

126 986 245 1031 tamenin
260 986 325 1033 loliis
340 998 441 1046 prauum
457 986 577 1045 quoddam
592 987 656 1046 quod
681 986 820 1031 nascuntur.
841 984 911 1031 Unde
931 985 956 1030 el
978 983 1116 1031 Hieremias
1138 984 1214 1032 dub}

126 1050 656 1114 babeatvtrtutemseminis,uteocommisso
682 1065 775 1100 morum
793 1054 866 1114 atque
886 1049 1007 1099 insincera
1027 1051 1128 1112 myricis
1145 1064 1214 1101 con·

126 1124 213 1182 terris,
224 1125 348 1192 tamquam
359 1126 438 1184 posito
450 1124 532 1183 surgat
543 1124 615 1171 arbor
625 1125 655 1172 de
680 1123 783 1181 paravit.

126 1192 237 1250 surculo;
257 1195 283 1239 et
300 1194 422 1251 tamquam
449 1191 480 1237 do
507 1191 602 1238 semiue
628 1206 654 1238 se

87 1277 89 1280 ’
126 1260 270 1307 exsuscitet.
282 1262 361 1306 Grauo
373 1262 456 1319 itaque
467 1260 510 1306 illo
522 1261 592 1306 radix
604 1261 655 1320 pri·
757 1298 762 1308 .
829 1259 956 1309 CAPUT
969 1259 1067 1308 xvn.

126 1329 473 1378 m⁰m⁰⁰³l⁰⁵⁰it²d⁰f³di⁰⁰
491 1329 654 1388 puuulatmn
680 1356 887 1395 Surdilalehumani
895 1356 965 1394 cordis
978 1355 1211 1403 increparmirablre
1233 1361 1234 1364 ’

127 1397 205 1443 solum
217 1398 312 1456 salicis,
324 1398 368 1443 sed
380 1397 455 1444 etiam
465 1398 615 1456 reliquarum
624 1398 654 1444 ad
703 1412 739 1449 uel
748 1411 880 1459 procidentia
888 1412 911 1448 in
922 1411 1017 1447 minimis
1026 1410 1163 1454 declaratur:
1172 1409 1210 1448 ubi

127 1464 314 1511 similitudinem
325 1465 464 1521 hujusmodi
476 1465 573 1524 generis
582 1467 653 1512 arbo-
701 1467 809 1512 praec-rpus
825 1465 850 1501 11⁰
866 1465 980 1501 ³¹b⁰rib⁰³
993 1473 1077 1512 emper
1090 1464 1211 1503 virentibus

127 1543 182 1579 rum
189 1534 259 1579 silva.
269 1534 349 1580 llabet
359 1535 442 1579 autem
451 1535 477 1581 et
484 1535 573 1580 radicis
582 1547 653 1592 geue·
701 1518 1066 1612 {zsstfrfeuffcd}{flfffflffsssffl:¹¹5
1077 1519 1149 1566 ¹²¹³¹¹¹⁰
1163 1517 1210 1554 vnis

126 1604 188 1650 ratio
198 1604 316 1650 virtutem
332 1604 447 1661 semiuis;
459 1605 524 1651 unde
542 1606 653 1664 plerique

127 1683 156 1718 ea
174 1673 268 1719 satione
286 1673 466 1720 incrementum
491 1675 530 1721 sui
547 1676 653 1722 nemoris
709 1669 748 1714 ⁷0·
760 1668 906 1725 Gli-illm,
924 1666 1018 1726 inlust,
1029 1669 1093 1713 lma
1112 1666 1210 1715 'term

126 1742 301 1800 propagarunt.
680 1740 803 1792 virentem,
815 1738 841 1782 et
856 1736 938 1781 statim
951 1735 1018 1781 omui
1028 1736 1145 1792 surge-nte
1154 1747 1211 1795 gor-

156 1806 195 1853 di.
207 1810 291 1868 llagua
301 1808 347 1855 Dei
358 1808 436 1856 virtus
445 1810 470 1856 in
480 1811 592 1870 singulis.
604 1812 653 1858 Nec
680 1806 745 1851 mine
758 1806 822 1851 terra
832 1806 952 1863 completa
964 1805 1009 1851 est.
1021 1804 1051 1849 Et
1063 1804 1159 1851 bomini
1171 1805 1209 1852 di·

125 1875 230 1923 miretur
240 1878 328 1938 aliquis
344 1878 364 1925 sl
380 1878 405 1924 in
415 1879 529 1938 virgultis
543 1893 653 1938 rnaqnam
679 1876 759 1922 citur:
773 1877 846 1933 Dillqe
862 1877 981 1920 donuinam
997 1877 1072 1920 Deum
1088 1877 1173 1932 tunm,
1184 1877 1209 1922 et

125 1945 171 1991 Del
183 1945 237 1993 dixi
248 1959 300 1994 esse
309 1948 434 1994 virtutem.
449 1948 576 2008 siquidem
587 1963 654 2008 mag·
679 1956 727 1990 non
740 1944 777 1990 est
787 1944 876 1990 caritas
892 1943 937 1989 Dei
947 1943 1056 1988 omnium
1067 1941 1148 1989 inlusa
1159 1944 1208 1991 vis-

125 2016 382 2064 namsuamvirtutem
391 2018 654 2065 inlocustisessedixit
680 2013 784 2059 ceribus.
797 2012 910 2058 surdiora
925 2011 997 2058 corda
1009 2012 1140 2058 bominum
1151 2017 1207 2060 sunt

126 2083 152 2127 et
170 2085 276 2145 brucho,
289 2087 394 2146 eoquod
410 2086 499 2133 divinae
521 2088 654 2144 maiestatis
680 2094 752 2141 quam
772 2083 832 2128 (lura
850 2093 973 2127 sawlllm·
993 2081 1067 2126 Tella
1085 2079 1208 2129 indebitis

125 2150 215 2198 otlensa
226 2165 313 2212 magno
334 2154 502 2200 moderamine
518 2156 654 2201 sterilitatis
680 2150 773 2197 tructus
783 2151 853 2196 nobis
864 2150 1000 2206 ministrat,
1013 2149 1071 2195 dum
1087 2150 1208 2197 obsecun-

123 2219 230 2267 iudaicae
239 2221 312 2280 atque
323 2223 412 2281 inopiae
420 2223 653 2291 solveretur.llagpa
679 2220 720 2266 dat
736 2221 844 2266 auctori:
856 2232 900 2265 nos
912 2219 1023 2265 debitum
1033 2231 1123 2266 uranus
1135 2232 1207 2280 nega·

125 2287 508 2348 enimvirtuspatientiazmagna
517 2290 653 2350 virtuspro-
679 2300 747 2347 mus,
759 2289 817 2335 dum
829 2302 876 2335 nou
887 2300 1034 2334 veneramur
1042 2289 1177 2335 auctorem.

125 2355 245 2403 videntia.
256 2357 353 2415 ladiqnl
364 2358 654 2418 etenimeraut,quiute-
709 2359 747 2403 ll.
760 2359 822 2404 Vide
842 2358 867 2403 in
880 2358 963 2416 parvis
980 2369 1034 2415 quae
1053 2358 1207 2415 providentia

125 2425 211 2472 rentur
223 2425 509 2485 reconciliacionem,
520 2429 563 2487 qui
573 2429 651 2475 terra·
678 2427 709 2473 sit
716 2427 761 2474 Dei
771 2439 777 2471 τ
788 2428 813 2473 et
823 2427 880 2486 quia
888 2425 1096 2483 comprehendere
1106 2438 1156 2472 nou
1167 2439 1208 2486 po

126 2502 182 2538 ruur
190 2494 303 2542 laeserant
321 2494 466 2542 creatorem.
477 2495 506 2541 Et
516 2506 575 2541 vere
585 2508 653 2553 mag·
679 2497 728 2555 tes,
736 2497 824 2542 mirare
833 2495 952 2554 quomodo
960 2494 1008 2539 alia
1017 2495 1208 2554 semperllorerr·

126 2573 185 2619 nus,
204 2563 246 2620 qui
258 2563 395 2609 miserabili
407 2563 473 2608 lame
492 2562 562 2607 netas
577 2565 652 2609 tantae
679 2567 712 2610 lia
731 2565 909 2620 reservaverit,
928 2564 976 2609 alia
995 2565 1146 2612 mutationes
1163 2565 1208 2611 ba·

127 2631 260 2688 impietatis
271 2631 407 2677 ulciscitur.
427 2631 513 2689 itaque
528 2631 548 2676 si
565 2643 651 2689 magna
678 2635 736 2680 bere
752 2633 860 2681 voluerit
878 2633 1066 2692 exspoliationis
1086 2634 1111 2680 ct
1131 2636 1208 2682 amic—

125 2697 216 2743 virtute
237 2699 283 2744 Dei
305 2699 417 2744 sterilem
437 2699 558 2744 bruchum
586 2699 651 2745 terra
678 2703 724 2747 tus.
737 2702 803 2748 luter
819 2711 881 2747 cana
897 2701 1007 2759 nivium,
1020 2702 1121 2759 pruinas
1133 2701 1208 2760 trigo·

125 2764 651 2825 generavit‚quautoruagisvirtutemagua,
677 2769 1206 2828 rum,viriditatemsuaurarvaconservaut:

125 2846 180 2895 quae
191 2833 305 2879 ioecuuda
317 2836 386 2892 sunt,
402 2834 530 2893 procreat?
678 2840 703 2885 et
719 2851 774 2885 curn
785 2840 837 2898 ipsa
852 2839 917 2884 tecla
929 2839 977 2884 siut
988 2840 1060 2896 gelu,
1072 2840 1157 2898 partus
1168 2843 1206 2887 sui

154 2900 192 2946 68.
204 2902 264 2958 Quis
281 2902 380 2960 pineam
396 2902 483 2949 videns
496 2915 544 2949 uon
555 2904 652 2964 stupeat
678 2907 951 2966 tarnenbaudexiguam
961 2908 1066 2966 speeiem
1074 2909 1208 2957 viriditatis

124 2971 217 3015 tantam
227 2969 310 3017 divino
318 2972 441 3031 praecepto
452 2973 528 3019 artem
541 2974 650 3022 inolitam
677 2976 805 3022 obtexunt.
816 2977 842 3021 ln
855 2975 913 3034 ipsis
921 2987 1017 3034 quoquo
1027 2976 1160 3032 generibus
1167 2989 1208 3023 ar-

125 3039 317 3098 impressamque
327 3042 420 3087 naturas
433 3042 650 3108 :quemadmodum
678 3047 776 3104 borum,
796 3056 849 3105 quae
867 3045 989 3091 diuturnis
1007 3044 1134 3092 troadibus
1149 3059 1208 3094 ves·

125 3109 155 3153 ab
167 3109 219 3167 ipso
229 3109 314 3157 centro
325 3109 473 3157 distantibus
483 3111 542 3158 licet
552 3125 651 3160 mensu·
678 3115 786 3172 liuntur,
806 3126 855 3159 non
874 3113 1005 3159 mediocris
1020 3113 1137 3160 distantia
1160 3117 1207 3164 est.

124 3177 158 3224 ris
169 3179 222 3237 pari
241 3180 350 3238 assurgat
365 3180 472 3239 glutino,
484 3192 532 3239 quo
541 3184 651 3241 proprios
677 3184 762 3231 Servat
773 3182 944 3228 indumentum
955 3194 1024 3227 suum
1034 3195 1131 3241 semper
1142 3184 1208 3242 olea,

125 3246 193 3294 fovet
216 3246 324 3294 tructus?
344 3249 429 3307 ltaque
453 3260 497 3306 per
522 3248 650 3298 circuitum
677 3253 716 3298 vel
736 3252 820 3311 pinus,
841 3250 884 3295 sed
900 3251 983 3296 tamen
1002 3251 1061 3296 tolia
1079 3264 1122 3298 sua
1141 3264 1208 3312 saepe

125 3315 210 3363 eadem
220 3317 315 3376 species
327 3318 352 3364 et
363 3317 421 3363 ordo
432 3318 552 3377 servatur,
561 3320 586 3365 et
596 3320 651 3378 qui·
677 3322 825 3368 commutant
833 3333 839 3377 ;
847 3332 892 3365 nec
903 3331 931 3365 ea
942 3321 1011 3378 quasi
1021 3321 1154 3379 diuturna,
1163 3323 1209 3370 sed

124 3386 179 3431 dam
189 3386 214 3433 iu
222 3387 408 3447 siugulisplagis
415 3387 556 3433 nucleorum
568 3392 651 3448 partus
677 3389 745 3450 quasi
756 3390 906 3436 succedanea
917 3391 1125 3448 praetenduutsuae
1137 3390 1210 3438 arbo·

125 3455 258 3514 exuberat,
270 3457 470 3515 atqueiuorbem
481 3457 545 3503 redit
557 3456 651 3506 fruetus
677 3462 710 3506 ris
727 3458 902 3518 pulcritudini,
927 3460 1040 3517 perpetui
1062 3460 1208 3516 integritate

125 3526 150 3570 et
160 3524 336 3584 gratialtaque
347 3526 453 3585 inpinea
464 3526 509 3572 ista
520 3526 649 3585 imaginem
677 3530 780 3575 vestitus
803 3528 857 3573 vice
885 3528 995 3573 muueris
1023 3529 1207 3578 obumbrantes.

125 3593 162 3639 sui
177 3592 264 3639 natura
282 3593 381 3641 videtur
398 3595 554 3653 exprimere,
566 3608 620 3653 quae
637 3608 650 3639 a
677 3597 758 3640 Palma
769 3595 850 3640 autem
862 3595 1138 3654 vireussempermanet
1148 3610 1209 3644 con-

125 3662 203 3722 primo
219 3662 261 3709 illo
273 3661 356 3709 divino
376 3663 519 3722 coelestique
538 3663 651 3711 mandato
677 3663 813 3710 servatione
826 3663 850 3709 et
861 3662 1038 3722 diuturnitate,
1055 3678 1104 3711 non
1116 3665 1209 3711 immu-

902 1189 1004 1201 Β-

55 3744 59 3751 ·
124 3730 254 3790 privilegia
271 3731 371 3790 accepta
389 3730 510 3786 custodit,
527 3731 552 3776 et
568 3734 651 3789 partus
677 3733 767 3779 talione
785 3731 908 3778 loliorum.
920 3734 979 3778 llam
991 3747 1045 3792 quae
1058 3734 1138 3793 primo
1149 3746 1207 3792 ger-

124 3811 179 3845 suns
191 3798 294 3859 quadam
312 3811 431 3845 annorum
450 3799 505 3843 vice
523 3800 547 3843 et
566 3799 650 3846 ordine
675 3800 807 3864 minaverit.
818 3801 1208 3857 tolia,ensineullasubstilulio-

124 3867 213 3927 reteri,
231 3867 308 3915 donec
333 3867 509 3914 consummatio
535 3868 650 3927 temporis
678 3870 1206 3927 nissueeessioneconservat.truitareergo

125 3938 263 3996 impleatur.
316 3933 317 3936 ’
677 3951 740 3998 earrr,
748 3939 852 3997 olronro,
862 3942 888 3984 ul
897 3940 991 3985 dicatur
1001 3941 1024 3985 et
1035 3940 1079 3984 tibi
1091 3953 1097 3983 τ
1107 3942 1204 3986 Statura

154 4006 192 4054 aa.
205 4007 251 4055 Sed
263 4009 288 4056 ul
300 4009 324 4053 in
344 4010 389 4053 boc
402 4005 480 4053 fructu
493 4009 583 4062 gaartaru
596 4019 650 4064 spe-
679 4012 716 4054 tna
729 4010 809 4056 tirrrilis
820 4010 882 4067 screto
894 4013 926 4058 cst
935 4011 1028 4069 ylalltloe.
1049 4009 1123 4055 Serva
1143 4008 1206 4055 viai-
