2676 4800
138 452 192 500 ΧΠ
523 447 648 495 SANG'H
669 446 836 494 AMBROSll

138 535 278 590 servulum
288 531 496 601 recognoverat,
509 528 654 598 missisque
663 526 847 582 Mediolanum
857 520 1020 576 muneribus
1029 518 1063 573 ad
1069 518 1218 574 Ecclesiam

140 626 190 681 per
204 612 307 680 legatos
322 609 482 677 postulavit,
496 610 527 661 ut
543 607 655 674 seriptis
670 605 755 673 ipsius
766 601 888 672 qualiter
899 597 1014 654 credere
1026 597 1157 661 deberet,
1171 598 1217 651 in-

140 688 314 744 formaretur.
328 688 370 742 rtd
381 701 465 757 quam
476 686 522 747 ille
540 685 682 754 epistolam
700 681 767 737 fecit
784 681 946 749 preclaram
966 677 995 730 in
1014 676 1126 730 modum
1137 679 1217 732 cate·

137 770 252 834 elrismi,
265 769 293 823 in
305 782 360 839 qna
371 767 455 822 etiam
467 765 609 820 admonuit
627 767 658 818 ut
673 762 803 818 suaderet
820 761 881 814 viro
898 759 1026 813 Romanis
1042 771 1216 826 pacemaser-

138 862 221 902 vare:
235 861 290 917 qua
302 848 413 914 accepta
427 845 559 913 epistola,
578 843 679 897 mulier
692 841 780 895 suasit
792 840 865 903 viro,
884 840 916 893 ut
933 851 996 891 cum
1012 836 1113 905 populo
1125 850 1175 890 sno
1185 851 1216 892 se

139 927 267 981 Romanis
284 925 415 979 traderet.
435 925 502 991 Qua·
522 937 586 977 eum
603 921 723 976 venisset
744 918 940 980 Mediolanum,
959 917 1109 984 plurimum
1127 915 1216 970 doluit

138 1005 344 1076 quodsanctum
356 1001 543 1067 Sacerdotem,
556 1000 591 1055 ad
600 1013 684 1072 quem
695 998 855 1062 festinarat,
867 996 980 1051 minime
986 994 1134 1065 reperisset
1141 1009 1150 1061 ;
1156 996 1214 1064 jam

138 1085 213 1140 enim
224 1084 258 1138 dc
270 1084 321 1136 hac
337 1083 398 1136 luce
411 1081 585 1149 migraverat.

171 1165 214 1217 57.
228 1161 406 1230 Temporibus
419 1173 483 1212 vero
495 1157 615 1211 Gratiani
627 1196 635 1220 ,
654 1159 686 1211 ut
702 1156 778 1211 retro
789 1154 915 1218 redeam,
933 1167 997 1208 oum
1009 1152 1044 1207 ad
1054 1153 1214 1221 pretorium

139 1240 287 1295 Macedonii
301 1243 368 1293 tunc
385 1236 509 1307 magistri
526 1234 680 1288 officiorum
699 1233 883 1303 proquodam
902 1231 1128 1286 intercedendum
1146 1246 1214 1300 per-

138 1314 268 1381 rexisset,
282 1320 365 1385 atque
384 1330 418 1370 ex
435 1317 574 1383 praecepto
592 1312 742 1381 supradicti
761 1312 814 1366 viri
835 1309 905 1365 fores
926 1310 1074 1364 invenisset
1090 1311 1213 1376 clausas,

139 1409 191 1449 nec
207 1396 312 1463 copiam
328 1392 502 1462 ingrediendi
521 1391 636 1460 adeptus
652 1394 739 1454 esset,
754 1390 793 1444 ait
810 1405 817 1442 ε
832 1411 847 1435 «ι
859 1393 891 1442 Et
901 1393 932 1443 tu
945 1388 1057 1458 quidem
1074 1389 1169 1443 venies
1177 1387 1212 1444 ad

140 1492 155 1522 n
167 1473 329 1528 Ecclesiam,
341 1485 392 1525 nee
402 1472 501 1524 clausis
510 1471 601 1539 januis
611 1470 734 1524 invenies
743 1484 798 1539 qua
811 1467 983 1536 ingrediaris
997 1488 1012 1514 n
1021 1466 1100 1534 Quod
1108 1466 1212 1523 factum

140 1555 197 1616 est;
210 1553 317 1604 mortuo
330 1549 403 1604 enim
416 1549 558 1612 Gratiano,
573 1546 732 1617 confugiens
750 1545 924 1601 macedonius
935 1544 971 1599 ad
982 1545 1146 1613 Ecclesiam,
1159 1560 1212 1617 pa·

140 1629 378 1697 tentibus‘januis,
391 1628 495 1682 aditum
507 1627 630 1696 reperire
643 1642 696 1681 non
708 1629 825 1697 poterat.

173 1710 215 1763 58.
229 1707 277 1761 Vir
287 1709 380 1760 autem
393 1706 450 1773 ipse
461 1706 626 1760 venerabilis
637 1708 784 1774 Episcopus
797 1705 890 1758 multae
900 1703 1088 1769 abstinentiae,
1100 1702 1129 1759 et
1140 1705 1212 1775 vigi-

140 1787 239 1840 liarum
250 1786 399 1839 multarum
411 1785 588 1850 elleborum,
602 1785 763 1854 quotidiano
768 1784 874 1853 jejunio
884 1798 1026 1838 macerans
1037 1798 1151 1853 corpus,
1165 1784 1210 1839 cui

139 1863 290 1934 prandendi
307 1877 458 1933 numquam
475 1863 643 1917 consuetudo
661 1863 729 1927 fuit,
748 1863 800 1916 nisi
813 1862 858 1916 die
870 1862 990 1925 sabbati,
1005 1864 1033 1916 et
1050 1863 1209 1929 bominieo,

139 1944 182 1997 uel
195 1956 257 1996 cunr
269 1941 391 1996 natalitia
403 1942 648 1997 celeberrimorum
660 1945 811 2011 martyrum
824 1942 923 1995 essent.
935 1940 1036 1994 Orandi
1046 1940 1129 1995 etiam
1138 1943 1210 1995 assi-

137 2020 228 2074 duitas
245 2034 344 2090 magna
361 2019 406 2075 die
425 2035 457 2074 ac
474 2023 554 2074 nocte
568 2035 574 2072 :
588 2035 639 2074 nec
656 2034 767 2089 operam
785 2019 940 2074 declinabat
951 2018 1087 2072 scribendi
1099 2021 1209 2089 propria

138 2111 222 2151 manu
234 2099 333 2162 libros,
347 2097 398 2151 nisi
411 2112 474 2151 eum
492 2097 583 2168 aliqua
600 2097 759 2152 infirmitate
771 2111 870 2165 corpus
881 2097 940 2165 ejus
951 2097 1131 2151 adtineretur.
1146 2101 1210 2154 Erat

138 2177 221 2231 etiam
242 2175 269 2230 in
293 2176 339 2229 illo
362 2175 517 2230 sollicitudo
538 2177 661 2229 omnium
683 2175 882 2238 Ecclesiarum,
903 2175 1102 2230 interveniendi
1124 2178 1208 2232 etiam

138 2268 236 2324 magna
248 2253 392 2309 assiduitas
404 2257 432 2308 et
444 2255 604 2308 constantia.
620 2257 648 2307 ln
661 2255 744 2309 rebus
753 2254 836 2308 eliam
848 2253 946 2307 divinis
958 2254 1103 2322 implendis
1113 2253 1208 2311 fortis-

137 2335 237 2400 simus,
251 2335 279 2388 in
293 2336 400 2388 tantum
411 2336 443 2388 ut
453 2334 527 2404 quod
538 2335 633 2389 solitus
645 2337 704 2389 erat
716 2333 790 2387 cirea
802 2333 978 2402 baptizandos
992 2335 1064 2388 solus
1076 2334 1206 2403 implere,

136 2415 259 2485 quinque
270 2417 363 2482 postea
375 2413 494 2483 episcopi
507 2417 694 2484 temporeque
705 2413 837 2475 decessit,
850 2414 895 2466 rix
906 2413 1060 2482 implerent.
1071 2415 1208 2470 Sollicitus

136 2493 218 2548 etiam
229 2493 344 2546 nimium
355 2507 404 2560 pro
415 2493 582 2561 pauperibus
591 2494 619 2547 et
632 2493 764 2560 captivis;
778 2507 841 2545 nam
854 2493 880 2544 in
895 2496 1083 2562 temporeque
1095 2494 1205 2561 episco-

135 2585 187 2639 pus
198 2569 339 2623 ordinatus
350 2570 406 2633 cst,
418 2584 518 2623 aumm
530 2584 610 2623 omne
623 2572 707 2639 atque
719 2572 864 2638 argentum
879 2571 952 2640 quod
966 2570 1068 2624 babere
1081 2574 1204 2639 poterat,

136 2649 262 2702 Ecclesiae
271 2647 313 2701 vel
323 2647 489 2716 pauperibus
501 2649 625 2702 contulit.
638 2648 742 2702 Praedia
755 2649 838 2704 eliam
848 2664 911 2718 qum
923 2648 1055 2712 habebat,
1066 2653 1206 2706 reservato

136 2724 339 2782 usufructuario
345 2740 481 2794 germanae
490 2740 556 2793 sue,
567 2727 826 2792 donavitdcelesiae,
838 2727 906 2781 nillil
917 2726 970 2780 sibi
980 2727 1053 2797 quod
1065 2729 1111 2783 hic
1121 2745 1204 2785 suum

135 2806 254 2869 diceret,
266 2803 460 2874 derelinquens
467 2820 475 2871 ;
487 2807 517 2860 ut
528 2806 618 2861 nudus
628 2808 712 2876 atquc
721 2805 867 2875 expeditus
875 2805 953 2860 miles
963 2806 1098 2860 Christum
1110 2809 1205 2862 bomi-

134 2898 199 2939 num
212 2884 376 2952 sequeretur
389 2897 396 2936 :
410 2885 461 2952 qui
471 2899 539 2939 com
548 2883 624 2942 dioec
633 2889 719 2950 esset,
729 2889 849 2954 proptor
857 2899 909 2942 nos
917 2898 1032 2953 pauper
1040 2885 1135 2953 [octoas
1146 2892 1202 2951 cst,

133 2965 168 3016 ut
177 2974 230 3016 nos
241 2961 302 3029 ejus
312 2962 410 3029 inepto
420 2957 592 3018 ditaremur.

166 3040 208 3092 ab.
223 3040 286 3092 Erat
298 3038 380 3092 ctiam
392 3041 513 3108 gaudens
526 3056 588 3095 cum
601 3043 798 3112 gaudentibus,
812 3043 840 3097 et
851 3042 920 3098 flens
932 3057 995 3098 eum
1006 3042 1149 3108 dentibus3
1162 3046 1204 3098 si-

131 3116 243 3187 quidem
255 3117 483 3188 quotiescumque
492 3119 530 3172 illi
541 3121 640 3191 aliquis
649 3124 682 3176 ob
693 3122 897 3191 percipiendam
908 3122 1098 3190 poenitentiam
1109 3124 1201 3191 lapsus

130 3208 194 3250 suos
205 3193 342 3250 confessus
354 3199 442 3262 esset,
455 3197 492 3251 ita
504 3197 602 3265 flebat,
616 3203 646 3255 ut
655 3202 766 3256 etillum
777 3200 842 3255 ssere
852 3202 1044 3269 compellerct;
1054 3200 1200 3256 videbatur

128 3273 203 3329 enim
214 3273 265 3328 sibi
277 3287 340 3328 cum
353 3274 462 3342 jacente
471 3276 573 3344 jacere.
587 3281 686 3333 Causas
697 3282 791 3334 autem
802 3277 949 3332 criminum
961 3293 1023 3348 quae
1033 3280 1071 3332 illi
1081 3278 1200 3335 consue·

129 3353 226 3417 batur,
243 3352 310 3406 nulli
329 3353 381 3407 nisi
400 3355 515 3407 Domino
532 3356 597 3421 soli,
610 3357 683 3426 apud
700 3370 783 3427 quem
802 3356 1003 3422 intercedebat,
1017 3357 1197 3426 loquebatur3

128 3434 231 3487 bonum
247 3434 405 3505 relinquens
422 3429 577 3506 exemplum
595 3438 711 3507 posteris
727 3439 928 3504 sacerdotibus,
951 3443 983 3493 ut
1003 3441 1198 3497 intercessores

128 3511 201 3580 apud
212 3515 299 3566 licum
311 3513 397 3582 magis
410 3515 479 3581 sint,
492 3530 575 3586 qunm
592 3519 763 3570 accusatores
780 3517 854 3585 apud
871 3518 1003 3573 homines.
1022 3520 1089 3572 llam
1105 3522 1134 3573 et
1148 3535 1198 3576 se-

128 3592 249 3646 eundum
260 3593 419 3662 Apostolum
432 3596 505 3652 circa
515 3597 670 3667 hujusmodi
680 3598 817 3654 bominem
831 3599 1016 3657 confirmanda
1028 3602 1128 3658 caritas
1137 3610 1196 3674 est3

126 3670 192 3740 quia
207 3671 265 3740 ipse
279 3672 322 3726 sni
334 3676 476 3729 accusator
486 3677 543 3741 est;
554 3690 605 3730 nec
617 3679 756 3746 exspectat
767 3682 971 3746 accusatorem,
983 3681 1033 3736 sed
1044 3685 1195 3750 praevenit3

127 3752 158 3804 ut
169 3749 322 3806 confitendo
332 3768 413 3808 suum
425 3757 523 3810 allevet
536 3756 593 3823 ipse
604 3755 735 3810 delictum
743 3773 750 3822 ;
764 3773 798 3813 ne
816 3759 916 3815 lrabeat
929 3760 1004 3830 quod
1020 3761 1195 3820 adversarius

126 3828 296 3884 criminetur.
309 3831 425 3902 ldeoque
437 3833 576 3900 Scriptura
589 3833 655 3887 dicit
666 3849 673 3887 :
684 3839 782 3893 lustro-c
793 3839 825 3891 in
832 3841 978 3908 principio
987 3844 1131 3897 cormonte
1140 3857 1195 3899 cc-

125 3912 243 3962 cueotor
251 3913 293 3965 est
301 3912 356 3965 sui.
366 3913 466 3965 Vocem
479 3910 553 3964 enim
560 3912 642 3982 eripit
650 3913 820 3982 adversario,
833 3921 861 3972 et
869 3918 1050 3987 quasidentes
1060 3921 1193 3990 quosdam

125 3987 233 4051 paratos
243 3986 278 4041 ad
289 3987 409 4057 praedam
426 3986 622 4043 criminationis
641 3990 745 4047 infestae
762 3997 937 4063 peccatorum
955 3989 1067 4052 suorum
1080 3999 1193 4054 confes-

122 4061 199 4118 sione
211 4063 373 4138 confringit,
385 4063 453 4120 dans
464 4065 594 4123 bonorem
606 4073 678 4136 beo,
694 4073 738 4126 cui
751 4074 824 4129 nuda
837 4079 901 4131 sunt
912 4077 1018 4145 omnia,
1032 4079 1118 4148 etqui
1130 4081 1191 4134 vult
