2676 4800
62 1055 64 1059 ·
146 1033 215 1077 iisque
228 1035 252 1071 iis
265 1034 304 1080 qni
322 1031 406 1069 mundo
421 1030 534 1068 materiam
551 1032 654 1065 aeternam

473 323 476 327 '
506 311 635 357 aanor!
656 309 827 356 AMBROSH

124 453 1201 484 ...m-m

408 581 582 654 LIBER
613 581 920 654 SECUNDUS.

471 749 511 789 ur:
526 748 628 789 OPERE
642 746 773 788 SECUNDI
787 747 862 787 mur.

311 864 439 920 CAPUT
450 864 476 915 1.
680 862 1210 925 renitmateriamfinqoapomtopemi,

681 931 786 979 contulit
800 931 884 978 autem
901 931 1018 991 figuram,
1028 944 1084 992 quas
1094 932 1210 982 docorem

125 977 302 1028 ⁰⁹⁰¹¹¹²¹¹³⁹¹¹¹¹¹¹
309 978 351 1016 (Μ
359 978 450 1016 ⁸¹¹¹⁰¹¹¹¹¹
460 975 578 1021 '‘mm''
586 974 656 1022 '⁸¹⁰⁰'
681 998 789 1047 inventis
797 998 871 1047 rebus
881 999 989 1047 afferret.
1000 999 1070 1047 Unde
1078 1001 1211 1062 excipien-

146 1087 371 1135 aiiingebsnt,irarrsit
383 1085 409 1124 ad
425 1083 545 1123 secundum
553 1082 610 1120 diem
620 1093 625 1125 ς
634 1084 655 1120 ei
681 1067 726 1116 dus
740 1067 862 1116 ttcaeiei'is
872 1067 990 1127 tanquam
1005 1068 1058 1116 dies
1068 1081 1148 1129 unua,
1158 1083 1210 1118 lion

147 1141 169 1179 in
178 1151 255 1178 rerum
265 1142 373 1179 creatione
382 1149 424 1177 non
434 1142 520 1175 naturus
529 1136 655 1185 possibiliia-
681 1133 844 1182 conferendus
855 1146 912 1181 cum
923 1135 1019 1183 caeteris
1029 1135 1146 1196 tanquam
1157 1137 1212 1186 dies

144 1188 654 1244 tem,wdo0¹⁰¹¹252m1³⁰¹⁸i²0⁶¹³¹¹i²md⁰⁰⁰¹·
681 1201 774 1262 primus
796 1202 847 1262 ost,
872 1215 920 1263 qno
946 1203 1104 1252 fundamenta
1124 1217 1210 1254 rerum

315 1271 409 1313 SBRMO
421 1271 465 1310 111.
681 1270 789 1319 omnium
806 1269 903 1332 posita,
921 1273 948 1320 et
964 1285 1044 1320 causas
1058 1286 1112 1322 osse
1126 1287 1212 1336 coepe·

155 1349 179 1395 i.
190 1349 260 1395 lirun
275 1348 397 1408 primum,
408 1347 448 1394 rei
465 1345 547 1406 potius
562 1357 654 1404 unum,
680 1343 754 1401 runt,
767 1342 856 1402 quibus
869 1342 955 1390 mundi
973 1342 1048 1401 buius
1062 1344 1137 1404 atque
1153 1347 1212 1393 uni-

125 1418 222 1465 maneat
234 1417 301 1463 enim
311 1417 335 1463 ei
343 1415 483 1475 prophetici
494 1414 655 1474 praerogativa
681 1423 757 1458 vcrsae
772 1410 879 1459 risibilis
892 1412 1011 1460 creature
1022 1412 1084 1460 inita
1095 1413 1212 1462 substan-

124 1487 258 1545 sormouis,
269 1483 654 1545 utpotuimus‚absoirimus;in
681 1479 715 1525 tia
727 1479 772 1527 est.
787 1480 866 1538 Quare
886 1480 917 1527 ad
938 1481 1040 1530 secundi
1059 1482 1111 1530 diei
1128 1483 1212 1530 admi-

124 1568 174 1616 qoo
185 1554 310 1602 conditum
322 1554 426 1612 coeium,
437 1552 528 1600 terram
537 1553 655 1619 creatam,
680 1549 756 1596 randa
766 1560 840 1608 opera
851 1562 931 1597 sermo
941 1550 1013 1598 nobis
1022 1550 1138 1612 prodeat,
1149 1565 1214 1613 quo·

123 1636 242 1685 aquarum
258 1623 454 1680 exundantiam,
476 1620 655 1669 circumfusum
680 1629 734 1664 rum
746 1617 881 1680 eminentia
891 1620 1084 1668 nonsecundnm
1092 1622 1215 1671 tractatus

124 1691 398 1752 aerem,discretionem
408 1691 497 1739 iactam
508 1689 571 1738 lucis
581 1690 654 1751 atque
680 1685 757 1733 nostri
775 1686 964 1747 possibilitatem
983 1701 990 1735 a
1012 1689 1057 1736 sed
1074 1691 1215 1740 secundnm

124 1761 283 1809 tenebrarum
302 1760 349 1808 Dei
363 1760 554 1821 omnipotentis,
570 1761 595 1808 et
611 1760 655 1807 do-
680 1754 810 1816 Scriptoris
819 1755 968 1816 raritatem,
985 1756 1018 1806 ad
1033 1757 1133 1807 laudem
1143 1759 1214 1810 reio

124 1829 186 1877 mini
209 1832 270 1878 isso
292 1829 396 1889 Christi,
421 1827 528 1889 Spiritus
555 1841 654 1888 quoquc
680 1824 756 1872 renda
767 1825 805 1872 est
815 1825 941 1873 creatoris.

124 1897 202 1945 sancti
230 1896 372 1958 operatione
396 1896 565 1955 cognovimus.
594 1896 655 1954 Quis
709 1894 793 1942 &Vos
811 1894 886 1954 igitur
901 1908 999 1956 quaeso,
1018 1895 1046 1944 ut
1061 1896 1214 1947 naturaliter

125 1980 183 2027 orgo
192 1980 240 2015 non
248 1966 354 2014 miretur
365 1964 528 2014 dissimilibus
536 1965 655 2012 membris
680 1963 816 2023 estimare,
834 1977 889 2024 qnae
908 1965 1015 2013 dicimus
1030 1965 1213 2025 probabiliter,

124 2031 247 2096 disparem
258 2036 378 2083 mundum
394 2034 605 2094 incorpusunum
616 2047 655 2081 as·
680 2045 708 2080 ac
729 2032 838 2093 simpiici
858 2034 942 2082 menie
960 2036 987 2083 et
1004 2034 1090 2083 sedulo
1108 2034 1214 2096 ingenio

123 2116 237 2163 surgere,
245 2105 271 2151 ot
281 2103 407 2151 insolubili
418 2101 555 2150 concordias
565 2102 655 2150 carita-
680 2114 783 2160 pensare
793 2100 940 2163 dignemini,
949 2115 999 2151 non
1010 2103 1147 2152 secundnm
1156 2105 1215 2167 pbi-

123 2171 206 2232 iisque
218 2173 272 2232 lege
284 2173 311 2219 in
324 2172 468 2219 societatem
481 2173 508 2219 ct
517 2172 655 2219 connexio-
680 2170 796 2230 iosopbiae
807 2171 964 2231 traditiones,
976 2172 1002 2221 et
1014 2173 1114 2220 inanem
1122 2173 1214 2223 seduc-

123 2253 181 2290 nem
197 2242 236 2290 sni
254 2244 304 2290 nm
325 2239 442 2290 distantia
460 2239 608 2301 convenire,
627 2243 655 2288 ut
679 2238 772 2287 tionem
781 2241 1213 2306 suasoriaverisimiliacoiligente03

122 2324 177 2374 qus
194 2311 299 2360 discreta
314 2314 402 2359 natura
416 2310 489 2369 sont,
507 2311 534 2357 in
549 2309 654 2358 unitatis
679 2308 722 2355 sed
737 2309 873 2357 secundum
889 2312 1000 2371 regulam
1012 2311 1140 2373 veritatis,
1155 2326 1213 2373 quan

124 2381 149 2428 ot
160 2380 227 2439 pacis
235 2380 362 2428 vinculum
373 2379 443 2427 reiut
450 2378 578 2427 individua
587 2392 654 2427 conr·
679 2378 784 2425 oraculis
794 2379 873 2426 divini
884 2378 1005 2427 sunnonis
1013 2381 1174 2440 exprimitur,
1184 2385 1213 2432 et

122 2449 236 2510 pactione
251 2447 398 2498 nectantur!
414 2449 461 2496 Aut
479 2448 536 2511 quis
552 2448 604 2495 baec
615 2449 654 2496 ri·
679 2448 885 2507 contemplatione
904 2449 980 2497 tantas
997 2449 1134 2508 maiestatis
1149 2451 1212 2501 iido-

123 2515 198 2576 dens‚
220 2518 410 2578 possibilitatem
433 2516 536 2564 rationis
556 2516 653 2564 infirmo
679 2516 741 2562 iiurn
751 2518 892 2576 pectoribus
903 2517 1056 2580 infunditur,
1068 2519 1213 2583 qoiascrip·

124 2585 653 2645 ingeniorimeturiQoaoomniarisdivina,
679 2585 732 2631 turn
752 2586 807 2633 est:
821 2587 941 2644 Continuo
957 2600 994 2635 me
1016 2590 1041 2635 in
1058 2588 1135 2637 uerbis
1154 2592 1210 2642 turi.

123 2653 504 2716 incomprehensibilishumanis
516 2654 653 2714 mentibus,
679 2655 842 2703 Narroserunt
856 2656 915 2702 mitri
928 2657 1009 2714 iniusti
1018 2659 1211 2719 caercdoiioner,

124 2723 150 2769 et
158 2722 290 2770 ineffabilis
298 2721 452 2769 sermonibus
460 2722 558 2783 nostris,
567 2724 654 2771 volun·
677 2725 716 2771 sed
733 2738 781 2772 non
791 2726 850 2773 sicud
867 2726 905 2772 icc
924 2728 975 2785 too,
986 2727 1085 2774 Domino
1101 2741 1110 2773 .·
1126 2731 1211 2778 omnio

124 2792 182 2840 tatis
192 2805 242 2840 suas
257 2791 404 2839 auctoritato
416 2792 560 2840 connexuit.
677 2797 792 2853 moccpto
811 2796 853 2841 too
867 2796 963 2842 ventos.
975 2794 1026 2840 iton
1046 2806 1104 2854 ergo
1119 2809 1210 2845 secun·

154 2861 179 2908 2.
194 2861 263 2909 Fecit
281 2861 358 2922 igitur
377 2861 444 2908 Deus
459 2862 549 2908 coeium
562 2861 588 2910 et
603 2861 655 2910 ter·
678 2862 736 2907 dum
749 2863 927 2910 elomentorum
938 2864 1054 2924 naturas,
1065 2864 1109 2911 sed
1119 2877 1212 2913 secun·

124 2942 191 2990 ram,
202 2930 229 2977 et
240 2943 270 2977 ea
280 2930 350 2990 quasi
361 2931 446 2977 auctor
457 2927 510 2978 esse
521 2933 652 2992 precepit,
678 2931 737 2978 dum
751 2930 888 2991 Christum,
906 2931 949 2990 qui
960 2932 1041 2979 omnia
1059 2945 1114 2992 quoe
1129 2934 1211 2984 voluit

123 3013 174 3048 non
196 3002 322 3061 tamquam
347 2999 432 3060 figurae
453 3000 581 3060 inventor,
610 3003 654 3049 sed
679 3001 893 3061 iecit,abondans
902 3001 1057 3060 plenitudine
1069 3000 1211 3052 divinitatis

124 3070 240 3130 tanquam
259 3069 372 3130 operator
393 3069 495 3116 natura.
515 3070 575 3116 Nam
593 3084 654 3131 quo-
678 3085 742 3130 suce,
760 3071 943 3119 consideremus
959 3085 1014 3131 quae
1025 3071 1173 3133 factasunt,
1185 3075 1210 3121 et

123 3138 196 3186 ruodo
211 3138 260 3186 sibi
280 3136 433 3185 conveniunt
450 3139 589 3197 operatoria
607 3141 654 3186 im·
678 3141 771 3188 naturas
800 3140 988 3200 possibilitatem
1017 3141 1208 3202 interrogemus.

123 3209 248 3271 possibilis
258 3207 304 3256 Dei
313 3207 394 3254 virtus
405 3208 431 3255 et
440 3207 565 3267 passibilis
575 3210 654 3256 mate·
676 3211 761 3271 Neque
772 3210 839 3257 enirn
852 3223 907 3257 eum
919 3209 945 3255 in
955 3210 1088 3269 Evangelio
1099 3210 1211 3271 leprosos

123 3278 168 3327 riae
185 3278 285 3338 natura,
297 3278 414 3341 tanquam
429 3277 506 3323 attera
520 3275 552 3324 ab
562 3277 653 3339 attera,
678 3280 866 3338 curaret,caecis
875 3280 955 3327 visum
966 3278 1211 3344 refunderet,popu7

124 3360 173 3408 quo
196 3346 365 3408 indiguerint,
380 3344 539 3394 mutuantes?
555 3347 615 3394 Nam
632 3350 653 3397 si
678 3350 715 3396 ios
726 3347 769 3410 qui
786 3348 871 3397 aderat
881 3350 908 3397 et
918 3349 1047 3410 spectabat
1056 3348 1117 3408 ilia,
1127 3350 1210 3397 medi·

124 3416 234 3463 increata
260 3415 379 3474 materia,
400 3414 502 3465 ridetur
526 3428 583 3474 ergo
602 3417 653 3464 Deo
677 3418 740 3465 cinae
751 3415 862 3465 ordinem
872 3417 1015 3477 recognovit
1026 3430 1033 3462 r
1044 3416 1088 3465 sed
1099 3418 1210 3477 potesta-

125 3484 237 3531 croandae
253 3484 363 3543 potestas
373 3485 484 3534 materia
495 3483 617 3543 defuisse,
628 3487 654 3533 et
678 3488 728 3533 tem
737 3486 962 3545 Dominimiratus,
973 3487 1042 3543 dedit,
1051 3486 1080 3533 ut
1088 3486 1209 3546 seriptum

125 3552 156 3598 ab
166 3564 196 3600 ca
213 3552 349 3611 operationi
360 3553 513 3611 subjacentia
530 3555 651 3601 mutuata.
678 3556 789 3614 est,Deo
801 3557 996 3615 reddemusque
1013 3554 1150 3602 secundom
1163 3569 1210 3605 nn·

42 3650 57 3657 -
124 3620 149 3667 Si
160 3633 219 3668 vero
229 3621 403 3681 incomposita,
415 3623 504 3670 mirum
522 3622 653 3671 admodum
678 3636 757 3670 meros
767 3623 934 3684 Egyptiorum
952 3623 978 3671 et
996 3635 1129 3671 concursus
1143 3624 1211 3673 side-

124 3691 271 3739 coaeternam
280 3692 331 3739 Deo
341 3692 470 3740 materiam
480 3691 594 3740 decorem
605 3693 652 3741 sibi
677 3706 746 3753 rum,
755 3706 881 3741 mensuras
892 3694 1069 3741 elementorum
1077 3726 1085 3751 ,
1093 3693 1211 3742 extendit

32 3819 38 3825 .
125 3773 175 3809 non
185 3761 293 3822 potuisse
302 3761 483 3823 conterre,quae
491 3762 653 3811 substantiam
678 3775 778 3810 manum
798 3776 867 3810 suam
882 3765 990 3824 iioyses,
1005 3762 1035 3811 ui
1053 3762 1211 3812 divideretur

125 3831 654 3891 nonacreatoreacceporit,scdsinstem-
677 3844 744 3880 maro
767 3833 892 3892 Rubrum,
912 3833 957 3880 scd
982 3831 1076 3880 divinae
1102 3831 1210 3892 imperio

125 3912 184 3960 pore
195 3901 248 3962 ipsa
257 3900 403 3962 possederit.
416 3903 473 3948 Plus
482 3915 539 3961 ergo
555 3903 654 3951 invonit
678 3902 805 3961 potestatis
823 3902 1003 3963 obtemperans.
1019 3901 1089 3951 Unde
1108 3902 1135 3948 et
1156 3902 1212 3962 ipso

124 3973 239 4030 operator
254 3971 380 4031 omnium,
395 3983 469 4031 quam
487 3972 599 4020 contulit.
612 3974 652 4020 in·
679 3972 712 4018 ait
724 3988 730 4018 :
743 3976 938 4020 irextcromonus
948 3974 999 4032 ion,
1008 3971 1212 4033 Dominqqiorifi-
