2676 4800
355 517 638 600 nornonnu
671 521 982 639 lnuommo.

157 957 341 1012 llxcnnmrs
349 953 457 1013 duobus
468 956 544 1013 lrisce
552 958 650 1028 prlrnis
662 959 802 1026 Patulus,
815 961 1093 1018 Bernardorldelicet
1102 964 1131 1019 et
1142 964 1209 1019 Am·

129 1042 236 1107 torosio,
247 1044 308 1098 tota
320 1057 421 1114 opera,
433 1046 492 1100 toto
504 1045 595 1100 studio
606 1045 792 1102 incubuimus.
806 1049 889 1102 Porro
901 1048 930 1102 in
942 1047 1107 1104 editionibus
1119 1052 1209 1106 Benc-

134 1130 316 1196 dictinornm,
329 1132 363 1185 nt
379 1144 477 1187 rerum
492 1130 644 1199 fateamur,
657 1133 788 1191 nonnulla
799 1135 985 1201 restituimus,
997 1136 1124 1206 quaedam
1135 1137 1207 1193 male

137 1216 272 1273 intellecta
287 1216 498 1288 redarguimus,
516 1218 596 1290 plura
614 1218 795 1276 correximus.
810 1221 850 1275 Ac
862 1219 933 1277 torte
950 1222 1113 1293 quibusdam
1125 1223 1207 1292 paulo

137 1305 265 1361 audacior
283 1306 425 1362 ridebitur
445 1310 538 1363 nostra
558 1308 716 1376 temeritas,
733 1307 807 1380 quod
824 1309 1041 1366 doctissimorum
1065 1309 1206 1365 hominum

135 1393 214 1448 nodie
232 1396 424 1460 samncta,
439 1396 473 1450 nt
492 1395 686 1462 iudicamus,
709 1396 799 1464 edita,
827 1398 911 1468 impia
923 1412 1008 1453 manu
1019 1410 1204 1467 presumpse-

134 1483 218 1536 rimus
229 1481 388 1537 emendare.
401 1484 487 1536 Tanta
499 1483 541 1538 est
552 1483 628 1538 euim
640 1485 667 1539 S.
681 1484 822 1540 Benedicti
834 1486 1031 1540 monachorum
1039 1483 1206 1540 lamascien-

135 1572 177 1624 tia
193 1569 382 1639 doctrinaque
394 1569 535 1638 probatio,
548 1572 624 1625 tanta
641 1571 670 1624 in
687 1585 801 1641 operum
817 1572 987 1628 correctione
1004 1570 1160 1640 diligentia,
1172 1572 1205 1626 ut

135 1661 299 1730 quicumque
317 1659 391 1729 apud
406 1659 467 1714 illos
483 1659 528 1714 vel
545 1659 707 1715 tenuissima
724 1660 824 1715 menda
839 1660 1017 1725 indicaverit,
1030 1659 1140 1714 reniam
1153 1672 1205 1728 pro

135 1747 230 1801 lalilrns
241 1747 317 1801 ansis
328 1759 427 1817 rogare
438 1760 510 1816 pene
524 1746 634 1802 debeat.
647 1746 701 1803 Sed
713 1762 804 1818 neque
815 1749 922 1802 tentum
934 1760 985 1818 pro
996 1745 1111 1801 arbitrio
1121 1747 1204 1800 trun·

133 1850 207 1902 care,
225 1849 317 1904 neque
335 1848 531 1904 corrumpere,
550 1848 640 1905 neque
662 1833 828 1904 interpolare
850 1847 974 1906 unquam
990 1833 1069 1888 nobis
1086 1830 1187 1887 accidit
1193 1847 1202 1898 ;

132 1920 290 1991 quinimmo
304 1918 328 1973 si
345 1919 457 1991 qnando
467 1921 593 1976 voculam
606 1920 752 1977 immutare
762 1921 853 1976 risum
864 1920 938 1990 tuit,
953 1921 1006 1976 hoo
1016 1920 1124 1974 tantum
1136 1931 1201 1973 mss.

130 2011 155 2062 et
166 2008 231 2063 edit.
244 2006 373 2076 prasidio
384 2006 592 2077 aggredientes,
603 2021 714 2077 sempor
725 2006 754 2062 in
762 2008 857 2062 notnla
869 2006 1069 2062 admonuimus.
1077 2002 1202 2075 lienique

129 2097 160 2151 de
168 2096 410 2152 Benedictinornm
421 2095 493 2150 notis
501 2110 534 2151 ac
544 2094 750 2165 praelationibus
758 2096 810 2150 hoo
819 2097 926 2150 tantum
937 2093 1116 2169 servavimus,
1129 2091 1202 2163 qnod

128 2183 159 2236 ad
170 2183 320 2238 faciliorem
333 2182 429 2237 tentus
442 2182 651 2253 intelligentiam
666 2196 777 2238 neccsse
790 2181 870 2236 toret.
886 2181 913 2236 Si
928 2179 991 2252 quis
1002 2183 1096 2236 antem
1109 2180 1138 2234 in
1150 2179 1201 2234 liac

126 2274 210 2324 nostra
228 2270 354 2326 editione
375 2269 435 2324 sive
459 2284 587 2324 mancum
608 2268 736 2339 aliquod,
759 2269 818 2324 sivo
834 2269 980 2333 omissum,
997 2267 1056 2322 sive
1073 2265 1201 2320 vitiatum

125 2356 363 2420 animadverterit,
381 2369 507 2421 oramus,
519 2355 637 2426 publicae
652 2355 766 2410 utilitati
785 2369 839 2409 non
852 2353 983 2408 invideat.
997 2355 1122 2421 Namque
1136 2363 1200 2404 cor·

124 2444 264 2498 rectionem
281 2443 320 2496 ab
334 2441 468 2496 omnihus
485 2442 558 2497 haud
569 2442 677 2511 ingrato
692 2439 785 2496 animo
795 2438 980 2508 excipiemus,
995 2436 1102 2507 ipsique
1113 2435 1210 2518 tilien-¹

123 2530 160 2582 ter
169 2527 397 2586 emundabimur.
