2714 4794
224 389 272 438 m
588 412 591 417 ’
613 390 744 437 SANCTl
761 388 931 436 amenesii

222 475 358 533 tantorum,
367 463 749 532 autdnospullos'cotnmbarum3
776 472 855 520 currit
864 469 1017 531 prophetica.
1033 467 1145 530 malque
1158 481 1248 520 rocem
1260 471 1311 522 ala·

222 542 323 602 eoquod
335 543 360 589 in
372 541 483 589 columba
491 541 609 600 spiritalis
617 541 692 601 pratia
702 542 749 600 sit,
774 553 830 586 rum
842 538 944 587 audisse
957 551 984 587 se
990 538 1051 586 dicit
1057 538 1188 599 Propheta.
1196 539 1255 589 latas
1264 541 1312 591 alas

221 611 248 657 in
259 611 354 659 turture
370 610 517 668 incorruptas
531 611 696 669 generationis
707 623 750 656 na·
774 611 879 658 uirtutes
897 611 955 657 sunt
971 623 1026 670 quas
1043 609 1151 656 maximo
1167 609 1194 656 et
1210 608 1311 670 duplici

220 679 289 738 tura,
306 679 345 725 vel
357 678 507 725 immaculati
518 679 625 738 eorporis
637 678 750 725 castimo-
774 680 861 738 plausu
871 677 1021 738 prudentie,
1032 676 1183 724 tortitudinis
1191 709 1200 737 ,
1209 677 1311 738 temps·

222 747 272 794 nin.
283 747 369 794 llerito
378 747 472 806 emend
480 746 750 805 sacrificiumjubentur
773 746 872 806 rantiae,
881 745 984 804 iustitia
995 757 1096 793 suavem
1109 744 1239 804 decorem,
1248 745 1310 795 vlt!

221 816 277 875 post
283 815 386 863 arietem
394 817 477 862 turtur
485 815 510 863 et
517 816 628 863 columba
636 816 713 874 sumi,
721 816 750 862 ut
773 816 922 863 cantilenam
937 815 1066 862 resultant.
1076 814 1145 861 Plato
1156 815 1241 862 autem
1252 813 1311 863 dul-

221 883 297 931 serbo
312 883 437 932 adhaerere
453 884 575 944 intelligas
584 884 749 945 incorruptam
773 896 814 931 ces
823 880 941 944 quosda'rn
952 883 1048 930 sonitus
1057 881 1169 930 siderum
1180 881 1312 931 mamurii

220 952 406 1012 castimoniam,
417 953 443 1000 et
452 952 587 1013 spiritalem
598 952 709 1013 gratiam.
720 954 750 1000 Et
773 952 876 1013 sphaere
885 952 992 1000 coetestis
1002 951 1117 1012 uenerari
1129 951 1310 1012 conversione,

221 1020 269 1068 hoc
285 1021 338 1082 ipso
350 1022 450 1082 quidem
460 1022 525 1083 qnod
535 1035 593 1071 aves
603 1020 699 1082 posuit,
710 1022 749 1068 in·
773 1021 863 1069 tamam
880 1021 959 1081 magis
969 1023 995 1068 et
1010 1033 1139 1081 pompam,
1151 1032 1226 1080 quam
1240 1020 1311 1071 rcri-

220 1091 333 1150 tollipere
351 1104 480 1152 possumus
495 1090 631 1139 coelestium
647 1091 749 1138 merito·
774 1091 850 1138 tatem
859 1091 966 1137 secutus.
977 1090 1038 1136 Nam
1048 1089 1109 1136 licet
1116 1087 1235 1148 Origenes
1246 1100 1310 1149 quo·

220 1172 275 1207 rum
290 1162 393 1209 volatus.
409 1161 471 1209 Sunt
486 1160 554 1208 enim
571 1162 681 1209 volucres
692 1161 748 1208 coeli
773 1173 822 1220 que
838 1162 933 1218 noster,
950 1159 997 1207 lanc
1013 1159 1063 1218 est,
1081 1156 1253 1206 ecclesiastico
1268 1156 1311 1209 vir

218 1241 275 1289 quae
290 1230 395 1277 veniunt
410 1230 436 1277 et
448 1229 560 1277 habitant
575 1229 601 1276 in
612 1229 687 1276 ramis
696 1229 750 1287 eius
773 1227 853 1276 silleio
870 1227 983 1287 deditus,
1004 1227 1158 1287 planetarum
1176 1226 1311 1277 siclum

219 1296 375 1358 srhnrisqune
382 1297 591 1357 deprnnosinapls
598 1298 748 1356 surrexerit,
773 1296 902 1357 quamdam
920 1296 1111 1344 inenarrabilem
1126 1294 1195 1342 motn
1206 1292 1311 1343 harmo-

219 1366 262 1412 cui
280 1367 397 1414 coelorum
418 1379 521 1426 reanum
539 1367 702 1426 comparatur.
720 1368 750 1415 Et
773 1364 1127 1415 niamessesuarissimiillius
1134 1363 1311 1415 somcoelestis

221 1434 335 1482 Ezechiel
345 1434 442 1494 apertos
453 1435 501 1481 sihi
511 1437 585 1482 eoelos
592 1435 666 1494 dicit,
677 1435 703 1483 et
711 1434 748 1481 vi·
774 1436 882 1495 adserat,
897 1438 980 1484 tamen
992 1435 1066 1482 etiam
1077 1433 1158 1494 ipsum
1168 1433 1310 1492 plurimum

220 1503 285 1551 disse
296 1503 749 1563 interuliaetiamrotamnnnmsuper
775 1503 1107 1566 indulgerephilosoplaorum
1114 1501 1243 1551 traditioni
1251 1502 1312 1565 plc-

223 1572 747 1633 terramcnnJunctamanimalibusquatuor.
773 1588 848 1635 raque
865 1576 918 1634 ejus
933 1576 1024 1634 scripta
1040 1573 1176 1631 testantur3
1193 1571 1262 1632 qnod
1276 1583 1311 1623 ao

220 1641 251 1688 lit
261 1639 326 1688 inira
335 1654 342 1687 a
352 1641 494 1700 Andiciom,
505 1642 598 1701 inquit,
608 1655 686 1689 ooccm
697 1644 748 1690 olo·
773 1643 908 1704 scripsi,nt
920 1645 945 1691 et
959 1643 992 1690 ah
1006 1642 1151 1701 aruspicina
1162 1642 1188 1689 et
1198 1652 1214 1687 a
1224 1634 1312 1701 philo-

219 1723 380 1767 rumcorsm,
395 1712 454 1758 sicat
469 1723 547 1758 vocem
559 1712 748 1770 aquomrnmul-
772 1712 864 1771 sophin
883 1712 1016 1761 traditione
1037 1709 1151 1758 sacrificii
1170 1708 1246 1757 istius
1261 1708 1307 1758 ln·

220 1781 315 1838 comm,
333 1781 355 1827 ct
372 1792 451 1826 vocem
466 1778 570 1826 sublimis
584 1780 643 1838 θείς
658 1781 680 1826 ci
695 1793 747 1826 cam
774 1782 975 1841 terpretationem
986 1791 1151 1828 secernerem.
1163 1778 1311 1831 viristrut

218 1846 746 1906 aconasmoniisicoimoemcoairomm.
772 1846 1310 1909 doctrinamproharesuam,ezoiuxtaApo-

249 1916 289 1965 iii.
304 1916 373 1965 Unde
390 1915 490 1976 quidam
504 1916 536 1964 ad
551 1916 627 1963 libros
641 1917 747 1976 philoso-
772 1919 861 1965 stolum
871 1919 973 1966 timidus
983 1917 1060 1976 mato,
1076 1929 1150 1977 quam
1162 1916 1252 1966 doctos
1265 1918 1309 1968 vl·

217 1987 283 2048 plaiae
292 1985 448 2045 derivarunt,
456 1997 486 2033 eo
494 1985 558 2045 quod
566 1985 646 2044 ipsum
658 1987 747 2033 coelnm
772 1987 839 2046 deri,
852 1988 894 2047 qui
906 1987 941 2034 ait
954 2000 960 2032 :
973 1987 1052 2035 Videte
1063 1988 1207 2046 acquirens
1218 1986 1310 2049 depro-

218 2055 398 2104 rolucrisinrile
406 2054 446 2101 sit·
457 2053 568 2113 Denique
574 2054 642 2101 Plato
648 2067 746 2102 currum
771 2057 885 2116 deturpes
894 2054 1069 2115 Philosophiam
1079 2057 1102 2102 ct
1116 2055 1215 2101 ianm
1225 2056 1307 2105 m

217 2126 343 2173 volucrem
352 2124 416 2171 dixit
426 2135 479 2170 esse
491 2123 595 2182 eoelum,
606 2135 638 2170 ex
647 2125 746 2184 eoquod
771 2126 856 2184 tionem
865 2126 991 2172 oecaiidom
1002 2123 1151 2169 traditionem
1162 2121 1306 2185 hominum

217 2193 338 2253 Propheta
348 2192 444 2239 dixerat
456 2205 463 2236 :
477 2194 535 2240 Cam
547 2194 607 2239 irent
616 2195 745 2251 oniinotia,
770 2194 893 2241 secandune
902 2193 1038 2239 cernentum
1046 2191 1307 2251 helisacharamatum

216 2262 284 2310 idom
297 2264 320 2310 ct
329 2264 386 2308 rotoe
398 2261 524 2320 conjuncte
535 2263 593 2321 iitis3
604 2264 626 2309 ct
637 2275 690 2308 cum
700 2264 746 2310 elc·
770 2263 894 2309 sccaadinn
903 2262 1029 2310 Christum.

216 2334 297 2380 serent
311 2344 335 2379 sc
346 2332 460 2377 namin
474 2343 490 2376 o
506 2333 584 2388 terro,
597 2331 746 2379 clcsabnntnr
800 2332 839 2378 55.
847 2330 915 2389 Quod
928 2333 1011 2377 autem
1020 2330 1056 2377 ait
1067 2329 1167 2377 :Divisit
1176 2327 1305 2381 Atrum

213 2405 282 2450 rote·
299 2399 348 2448 Sed
360 2400 482 2460 Propheta
499 2412 547 2447 non
563 2401 652 2448 coelnm
664 2400 744 2461 ipsum
769 2412 884 2460 somaro,
900 2403 922 2447 ct
938 2401 1036 2447 consedit
1047 2399 1105 2455 illic,
1119 2409 1152 2444 ne
1168 2399 1306 2458 quiacxti-

215 2483 287 2519 arem
295 2471 375 2529 dixit,
386 2469 429 2516 sed
439 2481 497 2516 aves
508 2481 561 2516 esse
573 2469 599 2516 in
612 2471 682 2517 coelo.
695 2472 745 2517 lie-
769 2468 960 2527 spiciumputet,
969 2464 1305 2526 aruspicinarerliaesacnoe

214 2540 290 2599 nique
301 2540 328 2585 et
344 2537 421 2584 llarid
432 2538 467 2584 alt
480 2550 486 2582 ε
497 2540 554 2586 Goeii
568 2543 682 2586 monost
698 2541 744 2600 olo·
769 2550 845 2598 neg03
864 2537 899 2585 sis
916 2537 981 2584 enirn
993 2536 1065 2583 audio
1078 2548 1085 2580 a
1097 2534 1142 2581 ned
1152 2533 1304 2586 divisionem

214 2609 277 2654 riom
287 2608 345 2662 Dei,
355 2607 402 2652 hec
413 2605 463 2662 est,
472 2607 604 2663 potestates
616 2607 744 2666 coelestes3
769 2619 897 2667 corporum
918 2605 1123 2666 quadrupedum,
1145 2616 1208 2651 cum·
1225 2606 1302 2656 lectio

214 2674 285 2722 vetut
295 2686 352 2721 cum
368 2674 494 2732 spectatur
508 2674 622 2733 pulcrum
634 2674 743 2722 clemen·
769 2675 856 2722 iactam
866 2676 987 2734 adstruat,
996 2687 1044 2721 non
1053 2674 1143 2721 iactam
1154 2674 1240 2722 arium
1249 2675 1302 2725 uu-

214 2743 281 2801 tum,
290 2741 567 2801 praedicaturoperator.
578 2744 689 2790 Animam
701 2758 743 2790 au·
768 2745 848 2803 quest
860 2746 981 2804 inspectio
994 2742 1080 2790 luisset
1095 2742 1215 2802 istorum,
1226 2745 1300 2794 eum

213 2812 265 2858 tem
286 2809 404 2857 describit
419 2809 554 2866 Propheta,
573 2810 643 2867 cuins
662 2813 743 2859 motus
768 2814 851 2860 avium
863 2814 925 2860 taeta
937 2815 1001 2861 esset
1015 2812 1121 2871 divisio,
1136 2813 1167 2861 nt
1181 2813 1301 2863 deretin-

213 2880 272 2927 sunt
292 2880 398 2937 quatuor
425 2879 496 2924 velut
517 2878 593 2938 equi,
610 2876 722 2934 lemnos
734 2917 741 2941 ,
766 2885 870 2943 spectio.
882 2884 946 2941 Quid
957 2885 977 2931 si
986 2883 1044 2931 fidei
1053 2884 1142 2932 nostre
1153 2883 1200 2932 hec
1211 2896 1299 2934 conre-

211 2942 346 3006 θυμητικον,
363 2941 521 3005 επιθυμηταον,
539 2942 664 3008 diapason.
685 2951 741 2999 llaec
766 2953 818 3001 uiti
834 2955 863 3001 Et
878 2954 934 3001 ideo
951 2954 1017 3014 quod
1036 2965 1110 3012 supra
1125 2953 1297 3014 aruspicinam

212 3015 328 3064 animalia
339 3015 484 3076 quatuor,id
495 3013 742 3074 εει,1ιοωολογισταον
765 3022 836 3068 verbi
857 3022 927 3069 nohis
948 3023 989 3069 dat
1008 3022 1107 3070 traditio
1130 3023 1296 3083 requiramus·

211 3087 252 3134 leo
261 3082 386 3145 hiplensis,
397 3086 491 3134 vitulus
499 3081 649 3145 induperans
658 3090 740 3149 aquila
766 3089 878 3136 Diximus
893 3102 967 3150 supra
987 3089 1044 3150 quia
1062 3090 1088 3135 in
1105 3089 1186 3138 vitula
1205 3091 1294 3140 terram

210 3152 338 3216 δωραταον.
356 3154 413 3203 ldeo
428 3155 492 3202 ratio
506 3157 630 3214 praemissa
646 3161 697 3218 est,
712 3161 740 3207 ut
764 3158 913 3217 accipimus,
926 3159 951 3204 in
966 3169 1038 3217 capra
1056 3169 1159 3217 aquam,
1174 3157 1203 3206 in
1221 3160 1296 3211 mets

211 3226 307 3289 reliqna
322 3225 442 3273 rationem
457 3228 599 3285 sequantur.
616 3227 673 3275 ldeo
684 3242 739 3278 eum
764 3239 861 3285 aerem,
881 3226 946 3286 quod
963 3226 1016 3285 ipso
1036 3226 1136 3274 nomine
1155 3227 1295 3290 colligitur,

210 3298 310 3346 homine
325 3309 340 3343 a
355 3295 450 3343 dextris
466 3296 503 3343 est
516 3296 571 3355 len,
581 3296 607 3343 id
620 3299 672 3356 est,
682 3311 738 3345 cunr
763 3294 829 3353 quod
843 3293 916 3342 trima
932 3294 962 3341 ad
973 3293 1120 3340 sacrificium
1131 3296 1196 3342 sumi
1206 3296 1296 3354 Julian·

209 3367 304 3414 ratione
313 3364 443 3411 commotio
451 3374 465 3409 a
473 3363 570 3411 dextris
578 3366 623 3412 est.
632 3365 739 3413 lstaani-
764 3366 818 3423 tur;
827 3366 885 3424 spuis
897 3367 962 3413 terra
977 3365 1029 3423 ipsa
1040 3365 1163 3413 interires
1174 3366 1295 3417 dividitur

206 3432 737 3492 mallaquandoelerantur,elevanturetiam
763 3433 857 3493 species
872 3434 925 3492 sui;
947 3434 990 3481 aut
1007 3432 1074 3480 enim
1089 3432 1236 3495 continens,
1252 3437 1294 3484 aut

208 3503 277 3549 rote.
286 3502 436 3548 llotasntem
445 3502 496 3550 vita
505 3504 542 3549 est
550 3514 624 3562 super
632 3504 737 3563 terram,
763 3501 857 3561 trisula,
868 3504 911 3549 aut
922 3501 1051 3562 peninsula
1061 3502 1099 3548 est
1111 3513 1118 3548 ι
1130 3514 1195 3562 aqua
1207 3503 1293 3564 ipsein

208 3582 257 3629 qua
272 3568 387 3616 vivimus·
407 3569 432 3616 Si
449 3570 537 3619 animae
553 3571 640 3618 nostra
658 3576 738 3620 motus
763 3571 893 3630 tria3quia
905 3572 1024 3617 animare
1036 3569 1293 3630 est,anttlusii,aut

208 3636 457 3696 quatuorelevantnr,
467 3639 579 3686 elevatur
587 3640 612 3685 et
622 3639 673 3686 vita
680 3653 737 3687 nos·
762 3641 843 3698 taeus3
862 3653 919 3686 nam
933 3640 1025 3698 tontes,
1043 3639 1086 3686 aut
1106 3639 1178 3698 putei
1197 3637 1292 3699 privata

208 3706 256 3751 tra.
266 3704 372 3762 ldeoque
389 3706 483 3752 addidit
498 3719 505 3752 a
518 3709 633 3768 Quoniam
644 3710 737 3768 spiritns
762 3710 859 3770 negotia
871 3721 1027 3769 nequaquam
1037 3709 1109 3768 digna
1119 3709 1242 3756 divisione
1251 3720 1291 3769 aa·

206 3775 276 3830 sitoe,
287 3772 381 3832 inquit,
396 3778 446 3820 croi
462 3776 487 3820 ia
503 3779 568 3823 rotis.
579 3778 667 3823 Anima
679 3789 736 3836 crgo
761 3780 839 3827 nerali
851 3782 876 3827 et
886 3780 999 3839 publica,
1017 3779 1086 3838 putei
1103 3779 1197 3839 latent,
1213 3777 1291 3826 mutes

206 3841 285 3901 magis
298 3853 384 3889 camus
400 3843 451 3901 est,
466 3856 521 3902 quae
534 3845 572 3891 ait
588 3846 613 3892 in
629 3846 735 3894 canticis
760 3849 816 3896 aliis
837 3849 957 3908 originem
977 3848 1102 3907 praestant.
1124 3849 1173 3894 iter
1192 3856 1289 3907 quoquc

206 3910 357 3956 canticorum
366 3922 372 3955 τ
382 3912 485 3958 Posuisti
495 3926 531 3959 rae
540 3927 623 3962 carras
634 3917 735 3963 Amina-
760 3918 835 3965 hahet
849 3918 982 3964 divisiones
997 3920 1137 3976 temporum
1153 3916 1233 3976 seris,
1244 3927 1288 3964 aas·

204 3977 266 4035 dnh,
282 3976 308 4024 id
323 3979 373 4037 cst,
388 3977 488 4025 Domini
502 3981 589 4028 nostri
605 3982 657 4030 lton
675 3995 733 4044 erpo
758 3985 829 4045 tatis,
839 3985 964 4044 autumni,
976 3984 1096 4045 hyberni,
1109 3986 1135 4032 et
1145 3984 1200 4032 hnc
1216 3995 1288 4032 iaaa-

205 4046 366 4109 philosophia
380 4047 506 4097 traditioni
524 4048 657 4113 descriptio
675 4065 732 4102 con·
758 4053 820 4103 dana
831 4055 919 4103 divisio
930 4055 975 4103 est.
987 4055 1042 4114 Qun
1055 4054 1102 4104 hoc
1116 4050 1285 4116 proicisttut
