2676 4800
125 401 155 448 ab
509 401 632 448 trucul
650 399 821 446 annnosll
856 392 858 395 ⁸

125 481 172 528 lici
183 493 401 543 esseoonrorsum;
410 482 451 530 vel
459 482 505 530 hoc
513 482 648 530 concedant
672 481 816 540 quibusdam
826 478 932 528 ooelestls
942 477 1040 539 imperil
1054 479 1204 540 prescripto

125 551 232 608 potuisse
249 551 357 598 immisso
367 552 441 598 vento
452 561 526 610 aquas
535 563 647 608 currere,
672 554 719 599 sibi
726 553 922 612 tinerevocatur,
930 553 1081 612 violentique
1091 552 1203 613 equoris

125 618 307 678 quodquotidie
316 617 461 666 ridemusin
469 620 545 677 mari,
557 617 647 665 utinde
672 624 781 669 motusin
793 634 845 670 sese
856 621 984 682 frangitur,
992 623 1065 683 atquc
1073 621 1100 670 ln
1108 621 1202 671 reduc·

125 695 194 744 nquae
204 687 316 746 currant,
327 687 392 733 undo
403 686 500 734 osvero
510 688 607 734 ventus.
623 686 648 732 Si
672 691 709 738 tos
719 690 786 738 sinus
795 704 852 738 suos
859 691 989 738 scinditur.

124 752 236 814 tempore
250 756 326 815 Moysi
343 756 449 802 excitato
467 757 553 803 Austro
566 754 648 813 ualido
702 760 740 807 ll.
751 748 868 807 Caeterum
879 759 927 806 uisi
943 760 981 807 vis
995 757 1079 806 statuti
1090 751 1207 806 coelestio.

124 822 241 871 uocatum
251 827 376 883 estmere,
389 825 475 872 eodem
483 825 554 872 modo
562 822 648 870 siccari
672 829 810 890 inhiberet,
819 829 878 890 quid
887 829 994 877 obstaret
1003 829 1114 889 quinper
1123 826 1201 886 ptam

125 905 173 940 nou
184 895 264 953 potuit
278 894 432 954 congregatio
445 905 574 953 aquarum,
587 893 613 939 et
622 892 648 938 in
671 898 779 958 AEgypfi,
789 911 843 958 quae
860 897 968 945 maximo
979 895 1152 944 humilioribus
1160 891 1201 951 la·

124 973 193 1009 mare
203 963 323 1021 profluere
330 975 409 1023 aqua,
420 975 473 1023 qua
480 963 563 1021 postea
570 960 648 1008 divisa
671 978 729 1013 cens
734 967 839 1014 vallibus
844 966 987 1026 campestris
992 965 1122 1022 asseritur,
1129 970 1209 1009 mare·

125 1033 163 1078 est
182 1044 197 1078 a
214 1031 348 1091 prolundot
364 1032 412 1079 Sed
429 1032 524 1078 discant
537 1033 648 1081 uoluam
672 1035 781 1082 Rubrum
801 1035 909 1095 AEqyptio
924 1035 1010 1094 pelago
1034 1025 1205 1080 miscereturt

124 1111 196 1158 posse
219 1102 349 1159 converti,
368 1100 465 1162 quaudo
483 1101 552 1159 petra
576 1109 649 1158 aquas
672 1102 782 1162 Denique
792 1103 882 1151 docent
893 1103 939 1149 boc
948 1103 991 1162 qui
1003 1101 1133 1149 voluerunt
1144 1098 1207 1146 lutee*

124 1167 212 1227 linxit,
232 1171 258 1217 et
273 1169 364 1215 terrum
379 1180 448 1229 aquae
464 1167 648 1227 supernatavit,
671 1171 774 1218 duosibi
786 1171 862 1218 maria
872 1171 1033 1227 connectere,
1044 1169 1119 1227 atquc
1132 1166 1160 1213 in
1170 1175 1207 1213 so

57 1277 59 1282 Α
124 1237 190 1297 quod
200 1238 287 1299 utique
296 1239 395 1284 Elisaeus
403 1237 493 1284 oruudo
504 1235 584 1282 iacere
595 1247 649 1282 me·
672 1239 857 1298 transfundere,
868 1239 983 1286 Sesostris
1002 1236 1138 1297 AEqyptlus,
1154 1231 1205 1294 qni·

124 1307 187 1364 ruit,
199 1318 248 1353 uon
262 1306 413 1365 imperando.
424 1306 449 1352 Sl
465 1305 649 1365 iqiturEiisaeus
672 1308 794 1367 antiquior
811 1308 874 1367 init,
892 1308 919 1355 et
936 1307 1022 1354 Darius
1038 1303 1137 1362 Medus,
1154 1299 1206 1364 qul·

124 1373 649 1430 terrumlevaritcontranaturam,Cbristus
671 1377 769 1433 majoris
787 1377 898 1424 contuitu
916 1376 1030 1435 potentiss
1041 1375 1068 1420 in
1079 1371 1205 1420 enectum

125 1454 199 1503 aquas
216 1454 316 1490 movere
332 1455 381 1490 non
396 1441 490 1502 potuitt
500 1441 547 1488 Sed
558 1442 647 1502 movit.
673 1445 750 1492 voluit
760 1444 970 1504 adducerc,quod
978 1444 1008 1490 ab
1019 1439 1200 1501 indiqenatuo·

124 1508 356 1569 quipotuitdicere:
365 1511 468 1566 bonore,
477 1510 530 1555 ocni
536 1508 614 1567 swas,
624 1508 649 1554 et
672 1515 709 1561 rat
719 1515 776 1561 ante
786 1513 917 1561 tentatum.
927 1513 986 1571 Quo
995 1524 1036 1559 res
1046 1507 1199 1567 indicioeot,

123 1580 247 1624 mortuum
263 1577 402 1633 suscitavit;
418 1578 485 1622 Deus
502 1576 569 1622 enirn
584 1575 649 1636 quod
671 1581 898 1641 quodsuperiuscst
908 1577 1201 1638 marelndicum,inquo

121 1644 208 1702 jubet,
219 1643 287 1691 lacit.
304 1645 389 1703 ltaque
399 1643 454 1703 pari
471 1645 587 1704 exemplo
596 1643 649 1691 dic·
672 1660 738 1695 maro
748 1649 873 1706 Rubrum,
883 1660 957 1706 quem
971 1644 1207 1706 nsquoquyptium·

123 1714 177 1759 tum
188 1711 272 1770 accipe
284 1724 291 1756 =
303 1713 459 1771 eooprepeior
469 1726 545 1772 aquo,
556 1715 578 1759 et
593 1724 649 1758 coa·
671 1717 734 1776 quod
740 1716 927 1764 interiusalluit.
935 1717 966 1762 lit
974 1714 1073 1763 ledros
1084 1725 1116 1760 nc
1124 1712 1207 1761 latiur.

124 1783 220 1841 prepete
227 1783 269 1827 est.
277 1779 386 1826 Dicendo
393 1784 476 1826 autem
487 1783 648 1840 conpreqctom
671 1796 697 1830 se
709 1796 776 1831 mare
787 1783 943 1842 effunderet,
951 1783 982 1830 dc
990 1780 1159 1841 superioribus
1166 1777 1207 1827 sd.

123 1861 173 1896 non
181 1849 260 1896 solum
269 1849 406 1895 moritearn
415 1848 445 1894 do
454 1847 648 1895 locossedetiarn
672 1850 788 1898 interiora
804 1851 974 1911 precipitem,
997 1849 1053 1897 idco
1070 1847 1205 1897 moninus-

123 1918 210 1965 statuit
226 1918 252 1964 iu
263 1918 330 1975 loco,
346 1919 375 1964 ut
391 1929 440 1963 non
453 1917 648 1978 praeterflueret,
671 1929 715 1966 sua
724 1931 770 1967 rex
785 1920 889 1980 uterque
899 1919 1034 1967 revocavit.

123 1986 298 2033 scdmancret.
900 2007 975 2023 -·

155 2054 193 2100 l0.
205 2054 255 2100 iioc
266 2054 348 2113 itaque
366 2051 465 2111 majoris
472 2051 586 2099 miraculi
597 2051 648 2110 est,
833 2070 960 2124 CAPUT
978 2068 1038 2120 ΠΙ.

124 2121 567 2182 quomodoomncscongregationeein
576 2133 648 2167 uuam
672 2159 821 2200 &Momm
835 2171 943 2209 aquarum
958 2170 1024 2198 unam
1038 2162 1059 2197 a
1072 2158 1199 2197 mmm

87 2200 91 2205 ⁴
124 2191 336 2250 ⁶⁰¹¹ssfess²ti⁰¹¹⁰m
344 2189 649 2248 dessfflfintretummn'
694 2212 1199 2262 esc,nominrvoroprodirersitnoreqiouum

123 2260 232 2318 gregatio
256 2270 307 2306 non
327 2258 459 2317 adimpleta
479 2258 520 2305 sit.
544 2259 604 2305 Nem
624 2261 650 2306 et
695 2268 782 2306 arvom.
797 2267 910 2317 Quomodo
924 2268 997 2305 locum
1011 2264 1200 2314 aqun,locoorno

124 2327 249 2388 Scriptura
260 2327 306 2374 boc
317 2326 383 2374 inter
392 2327 513 2373 mirabilia
525 2327 648 2375 constituit
694 2320 783 2367 ΜΨ·
792 2321 848 2358 ⁰⁰¹³
856 2322 969 2368 i‘lffltffl·
979 2320 1034 2358 ¹¹⁶³*
1044 2318 1070 2356 (¹⁶
1079 2318 1199 2357 ΜΝ*

124 2396 649 2453 dicundozomaestorreotcocootiomerc‚ct
694 2370 1197 2423 “³⁸¹¹me”⁰²⁰⁰”⁸‘⁶⁸²¹¹⁰⁰⁶⁰⁰¹²¹¹¹⁰¹²⁸m

122 2466 391 2525 ennenonndimpiclor.
398 2464 532 2525 Utrumque
539 2465 648 2524 igiturex
703 2460 932 2520 latiomorum,
943 2459 1118 2508 condixerit:
1130 2459 1201 2509 cone

124 2535 245 2592 praecepto
254 2533 314 2590 Dei,
323 2533 352 2579 ut
362 2532 422 2578 linat
433 2544 508 2590 aqna,
520 2534 545 2578 et
555 2544 602 2578 non
612 2547 650 2580 sn·
672 2533 742 2588 potor
750 2544 812 2589 aquo
820 2532 843 2576 in
848 2532 1000 2578 collecticium
1005 2542 1091 2589 unom3
1099 2540 1201 2589 quotuo-

124 2603 237 2660 porssuat.
248 2599 433 2659 Circumscriptis
448 2599 523 2658 igilur
538 2600 650 2658 imposito
672 2598 703 2644 do
715 2597 812 2644 diffusas
822 2610 867 2658 pcr
877 2599 958 2656 lacus,
976 2597 1199 2658 polonensium,

125 2670 173 2717 tine
193 2669 269 2716 maria
290 2669 450 2726 clauduntur,
467 2679 499 2713 rie
523 2667 648 2727 superfusa
673 2677 760 2724 aquas,
771 2665 1200 2726 etsuperiusasvallibnsotcnmpis

124 2739 196 2784 terris
207 2737 327 2784 inundent
336 2735 432 2791 omnia,
443 2736 469 2781 ct
479 2734 594 2783 «destituto
610 2749 650 2782 ar·
673 2734 833 2793 omnibusque
844 2735 994 2794 planioribus
1011 2734 1085 2794 locis,
1096 2745 1199 2782 curren·

125 2819 211 2852 vorum
221 2805 303 2864 cultu,
315 2816 405 2849 munus
415 2804 518 2850 terrena
530 2803 649 2850 loecundi-
673 2799 710 2846 tes
721 2798 827 2847 fontibus
841 2802 914 2860 atque
925 2801 1080 2859 fluminibus,
1093 2812 1143 2847 uua
1152 2812 1199 2860 po-

127 2872 647 2935 tatisimpedinnt3cognoscantigitnrdiviui
672 2868 749 2915 tuerit
758 2870 869 2927 recipere
880 2870 991 2917 collectio
1005 2883 1011 2915 :
1023 2872 1066 2917 aut
1075 2868 1205 2930 quomodo.

126 2941 316 3001 eseepraecepti,
328 2939 523 2999 operationisque
535 2941 647 2990 coelestis.
672 2950 720 2984 una
738 2938 864 2998 collectio,
882 2951 937 2986 cum
956 2939 1077 2999 hodieque
1099 2937 1198 2986 diversa

125 3010 166 3057 Ait
183 3010 249 3056 enim
265 3009 382 3055 Dominus
393 3021 438 3068 per
453 3009 543 3057 nubem
557 3009 588 3056 ad
604 3012 648 3058 Job
672 3006 720 3052 sint
734 3005 824 3053 maria?
840 3008 899 3053 ltarn
914 3009 940 3053 ct
950 3008 1074 3054 Oceanum
1083 3018 1151 3054 mare
1161 3004 1199 3053 dl·

125 3078 245 3124 intersita
256 3076 556 3124 etiamdemarisclaustro
565 3091 572 3123 τ
580 3081 650 3127 Poeni
672 3074 763 3131 cimus,
780 3075 806 3120 et
815 3075 982 3133 tyrrhenum,
994 3076 1019 3121 et
1029 3073 1201 3133 Adriaticum,

124 3149 146 3193 ci
155 3147 211 3204 fiacr
217 3178 225 3202 ,
235 3158 351 3206 opponens
359 3145 460 3192 clanstro
468 3147 490 3191 ct
495 3149 650 3204 portosbiol
673 3144 697 3189 θῑ
708 3142 830 3199 Indicum,
839 3143 865 3188 et
873 3143 1017 3202 mitium,
1025 3144 1051 3189 et
1060 3142 1198 3202 Ponticum,

125 3213 522 3274 antemcirnaqucbocceoies,nec
533 3217 648 3275 transqre-
672 3213 697 3258 et
713 3210 898 3269 Propontidem,
916 3211 942 3257 et
961 3211 1159 3270 Hellesponm,
1171 3213 1200 3259 et

125 3285 208 3340 dicrio,
225 3284 264 3330 scd
274 3284 299 3329 in
316 3283 395 3340 teipso
411 3284 557 3329 conterentur
566 3285 648 3342 {luctus
671 3279 808 3336 Euxinum,
832 3279 948 3337 AEpaeum,
964 3280 1070 3338 lonium,
1091 3278 1200 3327 Albuti·

125 3353 167 3399 toi.
178 3351 262 3398 Nonne
272 3349 319 3410 ipsi
328 3348 440 3396 videmus
450 3361 517 3395 rnare
533 3349 648 3410 frequen·
671 3359 737 3394 curu.
748 3346 860 3406 Plerique
870 3347 945 3393 etiarn
956 3347 1089 3406 Creticum,
1099 3348 1125 3395 et
1135 3346 1199 3408 Sep-

124 3419 313 3474 tornodoro,
332 3417 405 3464 itaut
421 3417 447 3464 in
466 3418 543 3465 aliurn
559 3419 648 3468 fluctus
672 3414 824 3461 lemtrionale
842 3414 954 3472 Caspium
972 3415 1098 3473 appellant
1117 3426 1198 3464 mare.

126 3487 178 3545 eius
195 3489 319 3546 tamquam
337 3499 406 3534 mons
424 3499 493 3547 aquae
511 3490 648 3547 praeruptus
672 3483 738 3529 Unde
759 3482 939 3529 consideremus
955 3484 1087 3542 Scripturas
1104 3483 1200 3543 rerba,

124 3556 247 3615 insurgat,
263 3555 306 3601 ubi
321 3555 440 3614 impeturn
455 3568 527 3603 sunm
538 3556 568 3602 ad
578 3555 647 3603 littus
671 3563 724 3609 quae
735 3549 822 3596 librato
836 3552 894 3597 sunt
911 3552 1028 3597 tutriuata
1039 3551 1164 3600 examine.

125 3624 236 3682 illiserit,
253 3623 281 3670 in
296 3634 395 3682 spumae
407 3623 514 3682 resolvi,
525 3623 647 3683 repagulis
701 3618 739 3665 l5.
752 3619 887 3679 coltiqotur,
899 3619 995 3679 inquit,
1006 3634 1070 3680 oque
1078 3621 1104 3665 in
1114 3621 1201 3670 colleo-

124 3693 269 3753 quibusdam
279 3693 468 3740 arenaebumilis
478 3705 647 3752 repercussum
672 3688 756 3734 tionem
763 3699 843 3735 onom,
851 3688 903 3734 Una
912 3701 1042 3748 aquarum,
1048 3688 1161 3748 jugisque
1170 3692 1201 3739 et
1238 3738 1241 3743 ,

124 3761 257 3808 secuudum
268 3761 333 3821 quod
348 3763 465 3821 scriptum
476 3762 513 3809 cst
524 3775 531 3807 c
542 3763 589 3809 Aoi
600 3774 647 3808 non
672 3755 787 3802 continua
805 3758 958 3814 congregatio
976 3758 1026 3815 est,
1045 3757 1089 3804 sod
1104 3757 1200 3808 diversi

124 3830 230 3876 timebitis
247 3843 299 3887 me,
314 3828 368 3876 dicit
385 3831 516 3884 Dominus,
532 3831 573 3889 qui
581 3832 648 3889 poeni
672 3823 739 3870 sinus
747 3824 981 3884 maris,utquida1n
992 3826 1202 3885 descriptoribus

123 3898 286 3955 oreoomono
303 3898 380 3945 morer
391 3897 647 3956 roormrssimoitoqoe
672 3890 808 3938 forensibus
818 3893 862 3939 ait
874 3894 983 3952 namquo
998 3896 1086 3953 pontus
1106 3895 1203 3944 marre·

124 3966 648 4026 omniumvilissabulonispulverevismaris
675 3969 1200 4050 m

124 4035 268 4097 intempesta
279 4035 420 4093 cohibetur,
434 4035 460 4083 et
471 4035 647 4085 veiutlrabcnis
673 4054 736 4098 pror
745 4051 802 4089 olom
812 4056 878 4095 roro,
889 4057 909 4091 ot
919 4053 1001 4092 erluino.
1072 4030 1077 4043 '
