2676 4800
121 354 175 413 *sss
508 363 637 408 sineri
656 347 868 408 sunnosis'·

124 445 219 508 despici
238 456 264 494 ss
288 443 361 504 lastis
379 442 451 492 duxit
476 444 612 504 doloribus,
624 443 649 492 el
676 444 806 504 anqustiis,
823 441 943 491 mandare
957 436 1048 489 aalma
1065 435 1158 490 umlrss
1170 432 1210 495 les

125 513 219 569 bostem
228 513 457 575 percnlltdespeein
463 512 651 575 periculi,qusd
675 523 731 557 enm
743 511 773 558 ab
789 509 855 558 omnl
866 507 1069 569 inquinamento,
1085 508 1209 568 projicio

124 583 229 644 gloriose
248 583 297 633 sibi
311 595 356 644 pro
366 582 460 631 nltlone
478 583 577 642 pietatis
592 581 651 629 sub-
675 580 757 628 sordes
771 579 965 637 malevolentia,
975 577 997 625 sl
1008 578 1127 626 uolumus
1135 576 1207 639 spirl-

125 651 236 700 enndum
260 652 364 713 putarit.
380 652 427 699 Dei
450 665 547 712 qnoque
569 651 597 698 in
621 662 650 696 eo
676 652 728 697 tum
744 650 856 709 recipere
866 648 1008 709 sapientise;
1020 647 1081 708 qnia
1092 647 1120 694 ln
1130 647 1207 697 mals·

123 721 271 781 predicatur
285 722 395 781 justitia,
413 721 456 781 qui
474 719 650 768 remuneratio·
675 718 755 764 volam
771 718 878 764 animam
889 729 938 763 non
950 716 1063 764 introibit
1074 714 1203 775 sapientia·

124 801 183 836 nem
193 791 242 849 piis
259 791 383 837 mentibus
400 802 449 837 non
461 802 493 837 ex
505 789 651 836 necessitate
675 786 873 833 Crediditantem
881 784 1203 843 Abrabammonanrlm
1233 816 1241 845 ,-

124 856 304 916 promissl‚sed
315 869 346 905 ex
355 858 476 918 equitatis
483 870 533 905 snae
544 859 650 904 conlem-
676 855 770 914 argenti
789 855 888 902 illectus
905 853 1047 902 testimonio
1064 865 1073 898 s
1090 852 1135 900 sed
1147 848 1201 914 q*

74 945 76 948 ·
125 925 234 986 piatione
243 926 358 986 largitur,
364 927 478 985 indicans
486 926 587 986 dignum
598 925 651 973 lore
676 925 749 972 corde
759 925 863 973 credidit
871 924 901 971 ad
909 922 1042 982 iustitiam.
1054 921 1083 968 ln
1093 931 1201 982 quoue·

124 994 191 1054 quad
206 995 233 1041 bi
249 996 292 1055 qnl
307 994 413 1042 militani
424 995 477 1042 sine
494 995 575 1053 aliqua
585 1005 651 1040 mer·
676 993 759 1040 batum
770 992 808 1040 est
818 989 1210 1051 ejmmentsmnnsopmus,

125 1061 650 1122 cedisnnmmaeremnnerationereposiinm
676 1061 776 1109 inmest
791 1061 928 1121 premium.
1218 1118 1221 1123 Ι

124 1131 232 1181 habeant
240 1133 369 1193 premium
379 1133 405 1180 in
416 1134 469 1191 ojus
479 1132 601 1190 bonitale,
609 1132 649 1178 eni
705 1128 744 1178 ie.
753 1130 865 1189 Denique
875 1129 957 1177 statim
965 1128 1022 1176 lldei
1031 1127 1087 1187 ejus
1097 1124 1200 1176 temu-

126 1199 281 1248 devorendas
291 1201 385 1248 animas
395 1213 450 1248 suas
461 1199 649 1247 aestimaverint.
675 1198 744 1245 ninm
763 1199 882 1246 Dominus
896 1198 965 1246 dedit
978 1198 1066 1246 dicem
1078 1210 1086 1243 r
1098 1197 1197 1258 ΒΜ·

125 1268 203 1316 Slmnl
209 1270 267 1331 qnia
275 1270 371 1317 adoreis
377 1269 473 1317 bellicis
480 1281 513 1316 ex
520 1282 566 1317 nsu
574 1270 651 1330 ipsius
675 1269 789 1316 Dominus
799 1270 862 1316 neu
877 1271 931 1316 tuae
938 1268 980 1328 qui
988 1269 1062 1315 edam
1071 1269 1093 1314 lc
1102 1266 1130 1313 de
1140 1268 1197 1315 m

125 1338 249 1399 victoriae,
260 1341 303 1387 ant
312 1338 440 1387 hominnm
450 1339 529 1398 qratia
539 1341 650 1398 paralum
676 1336 850 1394 cinnomo,
857 1339 884 1383 ut
891 1337 971 1384 dorem
983 1335 1026 1382 libi
1034 1333 1198 1395 mim,

126 1410 164 1456 cst
174 1409 316 1469 praeminm3
325 1408 528 1469 pietatisautem,
538 1408 564 1455 et
572 1407 650 1466 parci·
676 1408 702 1452 ul
715 1406 788 1454 terres
798 1419 856 1454 esses
869 1407 927 1465 ejus.
938 1406 968 1452 st
983 1404 1044 1465 qnia
1060 1402 1199 1464 deponar!
1239 1426 1241 1433 ·

126 1477 230 1536 monia,
241 1475 368 1538 puritatis,
380 1475 571 1533 ceterarumque
582 1475 651 1522 velut
677 1473 796 1520 Abraham
807 1472 914 1520 studium
923 1472 1092 1521 cnndaeurnm
1100 1504 1108 1530 ,
1117 1470 1199 1532 Μ
1230 1500 1241 1543 3

126 1544 277 1605 privatarum
295 1544 415 1592 virtutum
432 1555 447 1590 a
464 1543 515 1589 Deo
538 1542 649 1591 solvitur.
676 1540 1198 1604 nuncthomodo‚inqnii,istetllqcssqrh
1239 1600 1241 1607 Ι

125 1613 185 1670 Qua
203 1612 332 1659 manilesta
354 1614 411 1658 sunt
428 1610 581 1670 bominibus,
603 1612 651 1671 ipsi
677 1609 1200 1671 boerescitusomlllocestiamdirinaiiem

125 1681 323 1729 remunerantur.
329 1680 381 1727 tlon
391 1680 472 1726 omnia
481 1680 562 1727 antem
573 1680 652 1728 mani·
677 1692 802 1740 magorum
813 1680 957 1740 repudiari,
967 1680 1027 1728 doce
1035 1692 1077 1727 me
1085 1676 1199 1740 quomo&

127 1748 204 1808 lesia,
216 1747 317 1795 sedalis
328 1747 470 1807 manifesta,
481 1747 528 1794 alia
544 1747 650 1808 ineerta,
677 1750 751 1797 sciam
762 1763 802 1797 me
813 1751 920 1798 laturum
929 1751 1000 1798 terrm
1009 1748 1200 1808 eiusharedem.

127 1818 154 1865 et
164 1818 272 1866 manime
289 1817 384 1864 occulta
394 1816 481 1863 cerdis.
493 1816 562 1864 Unde
574 1817 599 1865 et
608 1818 652 1864 ille
676 1819 723 1876 Qui
735 1819 948 1880 qnaerltquomodo
956 1819 1030 1879 selei,
1038 1832 1089 1867 non
1096 1818 1199 1881 (tablini,

127 1887 163 1936 ait
172 1900 179 1933 ε
189 1888 281 1935 laento
289 1888 312 1933 st
319 1887 407 1933 mentitu
417 1888 492 1933 cordis
498 1887 653 1945 omnifcslcsti
678 1887 850 1936 manifestante
858 1889 924 1947 Deo,
933 1901 1113 1948 cognoscerese
1121 1898 1200 1950 neuim

127 1957 199 2014 stibi,
223 1966 327 2014 qnorum
344 1955 467 2014 spectator
484 1954 510 2000 et
533 1956 654 2002 scrutator
677 1955 719 2003 sed
728 1956 829 2003 lormnm
838 1957 1053 2016 vnltncqnirendar
1061 1956 1202 2018 coqnllluals

128 2026 195 2073 Dens
205 2025 250 2072 est.
260 2024 313 2071 Non
323 2035 380 2082 erqo
392 2035 503 2083 magnam
513 2023 652 2071 mercedem
678 2025 816 2075 advertere.
833 2028 893 2075 Nam
907 2028 932 2074 et
947 2027 972 2074 in
988 2027 1122 2087 Evangelio
1131 2024 1200 2075 uaris

41 2092 49 2101 ’
127 2092 280 2156 promisisset
295 2092 412 2151 libralia,
430 2091 478 2140 nisi
496 2104 583 2152 puram
600 2093 653 2138 ani-
678 2106 734 2140 cnm
744 2094 851 2143 audisset
859 2095 890 2142 ab
899 2094 1202 2156 Angeloqniavquopsrli

127 2175 194 2212 mam
213 2162 245 2209 ab
263 2161 330 2210 omni
348 2160 490 2222 contagione
509 2160 653 2208 delictorum
679 2163 807 2211 inraesset
821 2163 913 2223 lilium,
930 2161 1057 2221 respondit
1068 2176 1076 2208 ε
1087 2163 1201 2226 Quem

125 2230 269 2293 indicasset.
677 2232 715 2288 firt
727 2234 800 2290 istud,
817 2235 928 2293 qnoniam
942 2233 1019 2279 viram
1032 2245 1083 2279 non
1097 2228 1213 2294 mqmoli·

157 2299 299 2350 Elissaeis
305 2299 654 2363 tamenetprophetleaemen-
679 2300 707 2346 st
716 2298 1201 2362 jnrerespondlt‚boeest:cnmldqnod

127 2371 225 2420 llsenra
233 2368 465 2430 maiorpnsteritntis
472 2370 598 2430 perpetua
607 2370 651 2416 est.
678 2370 771 2415 naturae
779 2370 830 2427 est,
839 2380 888 2414 non
899 2368 1027 2428 suppetat,
1038 2369 1099 2430 qnia
1109 2381 1159 2417 noa
1167 2379 1202 2417 ss·

128 2439 215 2487 Parius
227 2439 294 2486 enlm
306 2437 434 2498 saplentiae
444 2441 470 2486 et
479 2438 537 2486 fidei
549 2438 654 2484 haredi—
678 2437 713 2483 let
721 2448 808 2496 parere
816 2449 871 2496 qna
879 2436 932 2483 niro
940 2448 987 2483 nnn
994 2436 1077 2485 luerat
1083 2438 1202 2498 copulata,

128 2505 426 2556 latemdeslderal.1deo
444 2507 479 2553 alt
497 2520 504 2552 ε
522 2508 582 2568 Quid
596 2507 655 2553 milti
678 2505 1107 2565 quaeroquomodopraeterlustituta
1115 2507 1203 2554 mins·

128 2574 214 2624 dabri?
230 2576 280 2636 Epo
299 2578 377 2623 anion
401 2577 505 2623 dioiittor
525 2578 574 2623 sine
590 2576 652 2634 filiis.
679 2574 769 2633 possim
781 2573 849 2634 sirpo
860 2573 994 2634 generaret

128 2644 245 2692 Eccleslss
272 2643 379 2690 sobolem
406 2642 574 2703 desiderabat,
599 2656 654 2690 eam
708 2644 747 2690 50,
763 2645 832 2691 Dixit
849 2649 927 2691 oalem
943 2645 978 2691 itti
992 2645 1110 2693 nemim
1125 2647 1203 2694 Duri

128 2711 311 2759 successionem
330 2711 498 2771 petebatque
524 2723 573 2758 non
590 2713 655 2760 esset
679 2715 748 2759 Sume
764 2713 823 2759 mibi
835 2713 933 2760 situlam
948 2714 1057 2769 trimum,
1073 2716 1094 2760 et
1111 2724 1205 2775 capra

128 2778 243 2841 servilis,
259 2778 303 2826 sed
324 2779 402 2825 libera
423 2792 430 2823 ε
449 2790 498 2825 non
521 2780 655 2827 secundnm
679 2782 1206 2839 irioicmmtarielemirimam,cenem,

129 2860 241 2907 mmcm,
256 2848 300 2895 sed
314 2848 448 2894 seeundum
463 2848 575 2907 qratiam.
586 2849 655 2896 ldee-
679 2849 1008 2897 etcolsmbom.Praeterirem
1017 2849 1158 2907 hujusmodi
1168 2848 1204 2896 lu·

128 2928 178 2977 qne
190 2915 330 2972 huiusmodi
341 2928 483 2976 responsum
492 2915 603 2964 divinum
614 2931 655 2965 re·
680 2919 881 2978 terpretaiionem
897 2919 1024 2976 sacrificii,
1040 2919 1089 2966 nisi
1104 2919 1208 2980 qnlbaa-

128 2983 245 3045 sullarlt,
255 2996 305 3044 qno
319 2983 419 3031 edoctus
435 2984 529 3032 andis-it
544 2999 550 3030 :
563 2988 655 3046 Respice
681 2988 948 3048 damscrupulnmbinc
957 2988 1025 3034 nasci
1036 2987 1209 3049 adverterem,

128 3056 154 3098 in
164 3053 260 3112 coelum,
270 3055 293 3100 el
302 3065 401 3099 numero
410 3053 499 3110 stellas,
508 3055 530 3101 si
538 3057 600 3113 potes
610 3068 656 3101 nu·
681 3069 709 3103 eo
724 3057 788 3116 qnod
803 3057 948 3115 aruspicina
958 3055 1070 3115 quaedam
1085 3056 1160 3104 scribi
1170 3056 1208 3103 ri·

128 3133 232 3169 monos.
242 3122 656 3178 Bidioeit,stceritsementoam.dl
680 3126 767 3173 dentur
776 3126 929 3183 solemnitas3
946 3124 1010 3184 quod
1025 3126 1081 3184 post
1096 3125 1210 3174 immola·

129 3190 225 3237 credidit
234 3189 325 3239 Abram
334 3192 397 3248 Deo,
409 3192 431 3237 et
447 3194 579 3251 reputatum
589 3196 622 3241 est
635 3195 657 3240 et
681 3195 771 3241 tionem
783 3194 862 3241 divisa
876 3196 933 3241 sunt
947 3194 1076 3255 animalia,
1088 3197 1115 3243 el
1125 3196 1209 3243 enain

129 3260 161 3308 ud
175 3261 300 3319 jusanam.
318 3259 383 3318 Quid
397 3259 519 3307 credidit!
536 3261 587 3308 lloc
605 3264 655 3322 est,
681 3262 769 3309 lactem
788 3262 933 3309 alterutrum
948 3262 1041 3322 posita,
1058 3265 1083 3311 el
1099 3262 1211 3313 consedit

128 3340 178 3377 nen
188 3329 268 3379 solnm
277 3327 465 3376 multitudinem
475 3329 620 3388 populorum
630 3331 655 3377 ln
681 3332 730 3377 illis
737 3330 866 3377 Abraham.
873 3330 921 3377 Sed
929 3332 1004 3377 sinim
1011 3331 1212 3390 interrogationis

128 3397 250 3446 Christum
258 3398 425 3457 credentium,
433 3397 477 3445 sed
485 3399 560 3445 etiam
571 3401 657 3447 coeles·
681 3400 810 3458 praemissa
820 3401 846 3446 el
856 3398 944 3447 lutura
955 3401 1122 3460 responsionis
1129 3401 1212 3449 wasi-

128 3467 162 3514 lls
178 3468 262 3525 gratias
276 3468 445 3526 splendorem,
457 3471 483 3516 et
497 3469 657 3516 resurreetio·
681 3468 1214 3529 deremns‚adverterepoterimusspelnes·

129 3547 187 3581 nem
204 3534 261 3581 vliae
281 3534 423 3582 immortalis
442 3535 519 3583 soboli
542 3537 655 3584 Ecclesia
681 3538 724 3582 iras
742 3538 768 3582 et
783 3536 840 3583 fidei
858 3537 989 3583 convenire
1006 3536 1080 3594 hujus
1094 3537 1214 3587 sacrificii

129 3602 296 3649 deserendam.
307 3603 371 3661 Quid
381 3606 419 3651 esl
433 3606 516 3651 antem
526 3605 592 3664 qnod
601 3605 656 3651 nit:
681 3606 845 3663 disciplinam.
866 3606 964 3653 Vilnlns
988 3606 1055 3653 enim
1076 3607 1216 3657 aratoria!

129 3673 220 3718 Eduxit
227 3684 280 3717 cum
290 3671 371 3729 foros?
381 3673 514 3733 Tamquam
522 3673 586 3720 lunas
597 3674 657 3720 edu·
681 3674 770 3719 animal
780 3675 830 3732 est,
838 3673 947 3721 deditum
956 3674 1056 3721 terreno
1065 3675 1157 3723 labori.
1168 3676 1217 3724 Cu·

129 3739 194 3785 eitur
203 3739 655 3802 Propheta,ulexeatloreseorporis‚
681 3741 1216 3807 praadaqnarnmsimilitudinemperaenlq-

131 3807 157 3854 et
166 3807 288 3865 angustias
299 3809 377 3855 carnis
388 3811 535 3871 operientis,
544 3824 571 3859 ae
582 3813 657 3872 Spiri·
681 3810 745 3856 mala
757 3809 887 3869 figuratur,
901 3823 930 3857 eo
941 3810 1005 3870 quod
1014 3807 1049 3861 «e
1059 3824 1140 3871 sraece
1150 3827 1217 3874 sapa

131 3875 172 3922 lus
187 3873 264 3921 sancti
275 3873 436 3936 inlusionem,
448 3880 474 3925 et
489 3879 560 3928 velut
570 3893 657 3940 qnam·
680 3893 706 3921 το
717 3877 793 3922 stesso
803 3890 892 3926 nomen
908 3880 1046 3938 deceperit,
1055 3879 1086 3926 *b
1098 3893 1132 3929 ⁶⁰
1148 3882 1217 3942 (ΝΜ

130 3942 189 3990 dam
198 3942 380 3992 descensionem
391 3946 482 3994 videat.
494 3947 598 4008 Oportet
613 3961 657 3998 nos
682 3947 719 3994 est
729 3947 824 4008 impetn
841 3947 909 3994 terri.
925 3947 965 3995 Sic
982 3948 1049 3996 enim
1059 3951 1140 3998 currit
1149 3951 1219 4002 slent

131 4022 229 4074 quaeque
239 4010 315 4078 ¹exire
332 4025 365 4064 ex
380 4013 420 4064 liis
435 4014 564 4066 diversorii
579 4017 656 4068 nostri
682 4016 708 4067 et
724 4029 795 4079 aqna.
819 4018 946 4066 Possumus
964 4019 1006 4068 sel
1026 4017 1058 4067 clo
1079 4019 1220 4070 tinsloram
