2676 4800
143 358 189 407 222
524 358 653 404 suncti
675 357 850 403 Auunosu

139 439 278 502 periculum
298 450 387 498 ruore,
406 437 432 486 et
451 437 517 487 cutia
535 439 669 498 obterere,
695 437 815 485 virtutum
823 435 1088 498 mesopotameni

140 510 264 558 fructuoso
274 508 391 569 deposci3
402 509 430 556 ut
439 508 512 570 siqui
523 509 580 554 suut
592 508 617 554 iu
628 520 671 555 os-
695 506 800 567 quadam
818 506 866 554 sibi
881 506 1029 566 copulentur
1041 518 1088 555 uec

135 579 198 626 dom
207 580 288 626 auimo
297 578 417 626 virtutum
426 577 597 637 huiuscemodi
606 578 671 628 irus-
695 574 1088 637 viiinvirtuiesqueisomiuimqu

140 649 199 707 ius,
214 659 257 696 eos
271 658 368 707 quoque
385 646 515 706 dissipent.
535 647 598 694 iiiuc
613 659 670 709 ergo
695 644 776 703 ustis,
797 644 851 692 isiae
870 644 1025 692 mummius
1046 645 1088 692 sni

139 717 314 777 cossiteiiouum
322 716 460 762 uostrsrum
469 715 600 763 discordia.
609 717 669 765 Cum
694 713 753 760 Caro
763 713 845 760 sutem
855 714 929 773 utque
940 712 1023 760 uuims
1030 712 1088 761 vein

138 797 196 833 csso
214 786 334 845 repugnat
354 784 471 832 adversus
489 784 625 845 spiritum,
643 789 669 835 ei
694 782 1088 843 iegesociauiurcouiugii,exqu

140 853 241 912 spii-iius
255 854 372 901 adversus
386 865 501 912 munem,
514 864 564 899 nou
574 855 670 902 medio-
693 851 796 898 consini.
818 852 895 898 iiomo
916 851 993 910 igitur
1012 852 1084 900 veini

138 921 189 970 cris
202 934 283 983 pupus
294 923 345 980 cst,
361 921 459 981 quaudo
476 921 529 981 ipsc
539 922 669 981 Apostolus
693 931 748 965 sues
759 918 878 967 ioedernre
894 919 985 978 debet,
999 920 1077 980 atquc

139 1002 183 1039 ves
200 990 329 1040 electionis
347 991 475 1039 dominicos
493 990 577 1038 dicit:
596 993 668 1040 Video
693 998 790 1045 cogere.
802 988 850 1035 Sed
860 988 919 1048 quis
934 1000 1007 1035 nemo
1023 989 1088 1037 eust¹

138 1059 210 1122 icem
218 1064 297 1109 mnis
307 1073 364 1108 meu
373 1063 542 1121 repupuosiem
551 1060 597 1125 ispi
603 1073 669 1108 ιιιιι-
693 1066 792 1103 curnem
804 1056 930 1115 vinceret3
944 1056 1017 1115 ideo,
1028 1058 1088 1108 Veri

111 1172 114 1181 .
139 1131 169 1177 iis
178 1131 447 1190 nomenniomen
466 1131 538 1176 mein
554 1129 668 1189 ἶσαι-ρει-
693 1127 798 1184 tremui
811 1125 865 1184 [ecit
879 1127 980 1186 mopso
989 1137 1081 1183 mm,

137 1200 199 1256 soii,
213 1201 275 1260 quod
287 1201 326 1247 esi
336 1200 361 1245 io
375 1198 484 1245 messim
493 1198 559 1244 meis.
576 1197 667 1245 Sodsm
690 1195 803 1252 parntem
819 1195 925 1241 moeniis
939 1195 1043 1252 soiocm,
1054 1194 1088 1243 ini

136 1265 202 1314 -hsuc
213 1279 319 1328 pugnum
330 1267 383 1326 ipss
397 1266 559 1325 nequiverat,
569 1266 596 1312 ct
612 1266 668 1312 ideo
692 1275 763 1309 come
779 1276 845 1319 suo,
866 1263 937 1323 icpcsu
955 1264 1088 1311 mondoion

139 1335 172 1382 sd
189 1336 311 1383 christum
330 1334 440 1392 confugit
458 1334 543 1380 diceus
557 1346 564 1379 ι
580 1335 668 1393 iniciis
691 1346 823 1390 consuens,
833 1335 858 1380 ui
868 1335 926 1381 duos
936 1334 1088 1381 conderetis,

138 1417 180 1464 epo
197 1404 344 1464 iomotpuis
362 1402 552 1450 mitterobitdc
571 1416 668 1462 corpore
692 1402 716 1447 io
731 1414 778 1447 uno
795 1414 853 1447 noso
871 1401 964 1448 homine
982 1401 1088 1462 tociens}

138 1475 220 1521 mortis
231 1473 315 1532 injus?
326 1473 376 1519 iioe
388 1472 439 1529 esi,
450 1483 482 1518 ue
496 1471 667 1518 deieciuiioni-
691 1472 823 1518 ooneiiiorei
836 1474 946 1531 uirosque
956 1472 981 1517 in
992 1483 1041 1518 uno
1050 1483 1088 1519 cn

138 1539 185 1587 itus
204 1541 283 1587 cscms
301 1540 448 1587 sdiiosream.
463 1539 522 1596 Quis
538 1539 613 1597 igitur
629 1543 667 1587 esi
689 1552 731 1597 pcr
741 1552 832 1585 mosem
849 1539 987 1597 interficiens
1000 1540 1088 1589 tunic

138 1608 181 1668 qui
193 1608 281 1655 hicme
295 1608 375 1656 soivst
392 1608 511 1667 viucuiis,
522 1609 547 1655 oi
557 1609 665 1655 liberum
690 1609 795 1666 metipso.
816 1608 891 1654 iiecio
909 1607 987 1667 igitur
1001 1620 1029 1656 ss
1047 1607 1077 1655 ui

139 1677 216 1725 societ
230 1679 295 1735 Deo,
312 1689 444 1736 sensusque
460 1676 491 1723 sd
505 1676 665 1724 sobrietatem
690 1675 818 1723 infelicem
833 1676 898 1723 dixit
911 1677 1088 1739 Apostolus,q

139 1747 227 1793 snimae
237 1746 314 1805 magis
324 1744 480 1804 detorquent,
491 1758 565 1805 quum
574 1745 604 1792 sd
613 1758 666 1793 cor·
690 1744 784 1791 beilum
802 1744 867 1792 inim
884 1758 911 1793 ss
931 1747 1088 1805 pstersiut,=

138 1815 205 1874 poris
214 1812 402 1862 iemuieutiomi
416 1813 464 1860 Sed
474 1814 532 1874 quis
543 1814 666 1861 intenlio-
690 1812 935 1873 possitresiinguere.
945 1813 1088 1874 nonique«

138 1884 218 1931 mines
225 1885 319 1930 tantum
329 1894 376 1928 non
384 1883 588 1942 potuiirecioreiu
598 1884 666 1931 inve·
689 1882 846 1940 portiuncula
857 1883 1012 1943 passionum,
1022 1882 1088 1932 hocs

138 1953 193 1999 nire
209 1965 217 1997 ι
234 1963 365 1999 conversus
385 1950 416 1998 ud
436 1952 515 1997 Deum
535 1964 542 1996 z
562 1954 664 2011 Graiis,
689 1950 746 2008 dio,
762 1950 857 1999 diceret
873 1952 987 1999 Salomon
998 1965 1007 1998 ι
1017 1952 1088 2001 Νι

137 2019 231 2081 iuquit,
244 2024 287 2068 Dei
300 2033 343 2080 per
358 2023 436 2069 desum
453 2021 571 2068 cinisium
582 2025 665 2069 Domi·
688 2020 1088 2081 quit‚sapims{orii.·qoiosim

137 2101 203 2135 uum.
214 2088 239 2136 Si
251 2088 336 2136 tortior
347 2089 399 2136 suis
408 2101 458 2135 uon
469 2090 591 2136 commisii
604 2090 665 2137 viri·
689 2092 802 2146 eontinet,
814 2091 897 2137 metior
906 2093 938 2137 cst
949 2102 1022 2150 puoso
1038 2088 1088 2151 psi*

136 2156 198 2215 itus,
208 2158 369 2219 quodcorpus
379 2157 607 2218 morimundensi,
621 2160 664 2207 sed
687 2159 729 2216 pii.
742 2159 830 2205 Beatus
845 2157 922 2217 igitur
930 2159 973 2217 qui
989 2158 1037 2205 hoc
1051 2156 1088 2207 usi

136 2227 258 2274 auxilium
274 2227 411 2287 quesiviin
426 2226 533 2285 chrisio,
545 2227 604 2286 quid
620 2240 664 2275 nos
688 2226 748 2273 serii
761 2227 836 2274 etism
847 2238 896 2272 uon
912 2225 1010 2274 adiens
1020 2227 1088 2287 cipe

136 2294 662 2357 iecereoporteiiniirmiores!iisuepuguum
688 2293 731 2341 sed
741 2295 802 2342 civis
814 2297 952 2342 sauctorum
963 2296 988 2342 si
995 2294 1088 2343 doussi

135 2376 234 2424 mrem
244 2378 296 2414 esse
306 2365 561 2425 comosissimum,
573 2365 662 2413 etidso
688 2375 761 2422 quem
779 2364 805 2411 iu
825 2364 898 2413 terris
917 2365 1026 2425 positum
1044 2364 1088 2413 tui

135 2432 660 2496 mpuneipiocsveoduuputavii.Sapienti
687 2433 806 2491 quetisut.

135 2504 202 2550 enim
222 2505 288 2565 pseis
303 2504 342 2551 esi
360 2502 489 2562 studium,
510 2502 661 2562 imprudenti
717 2500 756 2548 29.
768 2502 840 2549 iiuuc
857 2500 972 2549 effoetum
988 2512 1088 2551 servus

121 2572 212 2620 'amieo
223 2574 311 2634 lurgis.
686 2571 816 2619 Abrohom.
833 2573 917 2632 iisque
938 2574 966 2620 ut
986 2573 1026 2620 vir
1046 2584 1088 2633 put

165 2638 204 2685 iii.
215 2642 268 2687 Nou
279 2643 323 2698 sii,
339 2640 435 2700 iuquit,
444 2642 502 2688 rixo
519 2642 580 2688 inor
594 2655 631 2688 mc
640 2644 662 2689 ci
686 2640 765 2699 primo
777 2654 783 2686 ε
796 2643 850 2689 lion
860 2643 890 2690 sii
901 2643 957 2689 rixo
966 2643 1088 2690 interm

134 2709 195 2754 iuter
205 2711 240 2764 ic,
248 2711 270 2755 et
279 2710 341 2755 inter
346 2712 451 2770 pastores
458 2723 520 2756 meos
528 2712 551 2756 ei
558 2713 662 2769 postem
686 2709 744 2756 inde
756 2710 791 2757 eii
802 2723 809 2755 z
822 2713 851 2758 Ei
861 2713 922 2756 inter
930 2713 1035 2770 pociores
1044 2722 1088 2758 net

133 2778 202 2834 iuos,·
220 2778 276 2836 puin
290 2777 393 2824 homines
410 2791 453 2825 nos
468 2780 555 2839 {ratres
570 2792 659 2827 motus.
686 2781 746 2826 iores
757 2780 930 2827 tuoui'ertium
941 2779 1088 2838 posuimus

133 2844 249 2891 Pstmum
260 2844 362 2902 legimus
373 2845 506 2902 Abrohom,
519 2847 544 2892 et
553 2848 597 2894 Lot
606 2850 661 2907 ejus
685 2849 735 2894 ioio
746 2851 809 2896 imo
821 2852 873 2896 onie
882 2851 917 2905 ie,
929 2848 976 2895 hoc
988 2847 1088 2907 esi,si¹

133 2913 263 2970 nopotem3
274 2913 392 2972 quomodo
401 2926 456 2959 eum
469 2912 568 2961 {neem
577 2918 661 2975 appoi-
686 2917 830 2976 convenire,
842 2917 901 2963 cedo
912 2916 1088 2977 omuibus‚tot

133 2978 182 3026 isit
193 2979 240 3026 Sed
251 2979 351 3029 adverte
362 2981 420 3041 quio
431 2994 515 3030 cousus
525 2986 660 3033 concordias
685 2983 705 3028 si
717 2984 746 3030 de
763 2985 815 3031 ioco
825 2987 867 3033 sut
876 2986 1030 3044 possessione
1038 2984 1088 3033 din

131 3047 229 3107 sapiens
238 3049 348 3097 adhibui.
359 3051 428 3098 Unde
439 3053 660 3111 praemisittiiomt-
684 3052 752 3109 Quod
763 3055 783 3100 si
795 3055 905 3104 moribus
916 3066 965 3101 uon
976 3052 1088 3103 convenit

131 3129 172 3164 sus
189 3130 232 3165 nos
244 3132 333 3166 mmus.
353 3120 441 3166 Omnes
452 3123 533 3168 nutem
549 3122 660 3170 hominos
684 3122 862 3179 nu1e‚Quanin
878 3124 936 3169 snio
954 3122 1087 3183 promisit,

131 3184 205 3232 unius
219 3187 313 3234 usturae
328 3189 412 3247 partus
430 3191 508 3246 sunt,
524 3189 588 3235 inim
606 3190 660 3247 ejus
684 3189 904 3238 reiurdiscederei
914 3192 963 3239 Sed
974 3194 1049 3239 etium
1063 3191 1088 3239 ὶι

130 3255 243 3315 concepti
254 3255 366 3314 viscere,
377 3258 403 3305 ei
414 3269 463 3304 uuo
479 3257 523 3304 toti
539 3260 612 3317 utque
624 3259 659 3305 ei·
684 3267 711 3302 sc
728 3257 863 3315 disciplinas
881 3261 926 3307 esi.
936 3260 1007 3307 Dixit
1018 3259 1085 3307 euin

129 3323 178 3372 iusi
196 3328 276 3374 utero.
298 3326 368 3373 Unde
388 3326 459 3373 nobis
478 3327 533 3384 juro
553 3326 657 3386 quodum
684 3325 1088 3388 virexuhitosopoiaeprofectost

128 3396 296 3453 pemaniiutis
306 3396 377 3442 vetut
389 3394 476 3442 iratres
486 3396 659 3443 connectimur
683 3398 786 3454 quatuor
798 3397 849 3443 iisne
860 3398 923 3444 nouo
933 3398 985 3447 viro
995 3398 1086 3446 iussos.

128 3462 160 3509 uh
168 3475 216 3509 uno
223 3465 293 3522 psire
301 3464 408 3521 conditi,
418 3466 443 3511 ei
453 3476 501 3510 uno
510 3465 588 3510 moire
597 3467 658 3512 inni·
683 3464 721 3510 ret
729 3465 834 3522 primum
845 3468 873 3513 ui
881 3479 966 3513 omues
976 3467 1024 3514 sibi
1031 3467 1088 3517 cmii

128 3541 200 3589 quum
209 3530 298 3578 iratres
306 3533 396 3579 uterini
407 3532 478 3579 editi.
491 3533 520 3579 ut
533 3531 588 3579 ideo
600 3544 656 3580 cum
682 3532 830 3592 secuudum,
842 3537 869 3581 ut
881 3535 902 3582 si
914 3547 964 3582 non
975 3538 1057 3596 potest
1070 3548 1088 3585 u

127 3599 204 3645 simus
211 3599 365 3647 ostionubiiis
373 3601 468 3649 naturas
476 3601 584 3661 soboles,
594 3601 657 3648 ism-
682 3613 752 3660 cere,
764 3605 832 3650 cerie
850 3616 895 3650 nec
913 3604 1028 3652 inimicos
1038 3619 1047 3652 ι
1058 3606 1088 3655 iu

128 3677 201 3724 quum
223 3666 315 3713 uteriui
340 3680 385 3716 nos
409 3668 512 3728 diligero
537 3669 656 3717 debemus
680 3671 700 3717 si
712 3683 757 3718 nec
768 3671 833 3718 istud
845 3673 970 3732 suppetit,
981 3686 1014 3720 ox
1024 3674 1088 3723 muti

127 3745 209 3779 umore
226 3736 312 3782 mutuo
321 3769 329 3794 ,
339 3749 389 3783 uon
405 3736 547 3797 impugnare
559 3751 587 3785 oc
598 3751 656 3798 per·
681 3740 751 3786 eedot
759 3753 767 3784 s
776 3743 906 3800 quinium,
917 3742 937 3787 si
948 3741 1005 3802 quis
1015 3742 1088 3791 cedes

126 3800 206 3858 sequi.
224 3803 299 3850 iiuiio
319 3804 403 3851 sutem
426 3806 511 3853 verius
529 3806 560 3853 ud
580 3820 654 3856 unum
679 3812 805 3868 sequntur,
817 3810 926 3858 vindicet
947 3824 989 3872 se,
1010 3815 1039 3861 ut
1057 3826 1088 3875 po

125 3867 434 3929 uuimnmreiortur,cuius
442 3872 655 3936 miiousbiiecog·
679 3876 721 3922 iiis
737 3878 783 3924 iria
798 3878 961 3937 superiorein
977 3881 1082 3932 tinnitu

124 3935 194 3982 inuios
204 3936 293 3996 hebet,
303 3940 331 3986 ui
345 3951 417 3999 supro
435 3941 556 4002 diximus,
568 3955 653 3991 seusus
678 3946 790 3992 monibus
803 3946 889 4006 nuidis,
900 3948 945 3996 sed
957 3951 1025 4000 veris
1039 3962 1088 4012 ope

124 4003 484 4067 imationebiicscquoduutem
496 4013 652 4071 miionnbiie,
677 4014 807 4061 noscimus.
