2714 4794
132 324 183 383 'ars
524 338 653 385 sancus
671 334 840 386 iuononi

134 413 238 475 musaei
246 415 304 467 ised
314 415 363 466 boc
373 418 535 479 omnipotentis
552 422 596 468 bec·
611 433 662 467 mu·
685 432 757 478 quam
769 416 898 480 splendida
913 417 1013 465 lucerna
1030 414 1144 466 Ecclesia
1159 405 1221 479 sep-⁹

133 496 193 533 occu
215 487 278 534 cant.
299 485 399 534 Putavit
421 486 554 535 Antiochus
574 486 662 536 ridens
684 490 742 536 tono
761 488 858 547 iulqens
876 485 985 544 iumine,
1001 487 1028 533 et
1042 487 1130 534 octavo
1144 487 1218 533 utero

133 553 239 602 matrem
257 553 408 614 sollicitam,
430 555 496 614 quod
514 555 587 603 saluii
609 555 662 614 eius
685 553 1217 603 cunctisinminlbusoieumsubministrans.

134 622 253 683 timeret,
272 622 320 684 ipsi
334 634 433 684 quoque
448 622 552 672 suadere
568 624 661 685 coepit,
685 624 721 672 lie
731 625 821 685 quibus
831 625 916 685 pulcre
926 623 1019 671 dicitur
1030 636 1037 668 c
1049 625 1110 670 Dete
1123 625 1218 683 purten

134 693 165 742 ut
176 692 257 741 iillum
267 692 298 740 ab
316 693 454 741 intentione
470 705 515 740 sua
525 694 660 741 revocaret.
684 697 730 744 iilis
738 698 823 756 septem
829 728 837 753 ,
848 698 870 742 et
881 695 927 741 iilis
938 694 1028 754 quidem
1037 696 1101 752 octo‚·
1111 703 1142 740 eo
1150 690 1218 752 quod

134 761 167 808 st
183 762 228 809 iila
246 773 307 810 uoce
330 761 411 823 patria
429 762 527 810 dicebat
543 762 594 810 dlio
606 776 613 808 s
625 762 662 810 Tu
684 764 711 811 in
729 766 834 824 utroque
850 775 952 810 numero
967 762 1116 810 consortium
1132 760 1218 821 gratias

134 829 200 879 solus
220 843 342 891 superes,
360 830 415 890 fiii,
435 843 530 878 summa
550 831 661 877 uotorum
685 836 884 893 consequantur,
904 832 932 879 in
951 831 1016 890 Lege
1040 830 1150 888 nutriti,
1170 841 1217 889 per

134 910 246 948 meorum
256 915 264 947 ε
275 901 449 960 tupostremus
457 899 566 948 clausisti
578 901 661 959 parius
685 903 789 960 qratiam
805 901 927 960 coronati,
940 902 1036 959 sepiem
1052 899 1178 958 tamquam
1189 897 1217 945 ln

135 979 221 1026 meos,
237 967 267 1015 tu
283 968 421 1028 postremus
438 966 555 1015 corrclude
573 967 661 1026 gaudia
685 971 798 1028 sabbato,
815 971 869 1017 octo
885 971 1010 1028 tamquam
1027 969 1054 1015 iu
1069 965 1214 1027 Evangelio,

133 1047 198 1083 mea.
209 1036 324 1084 ldiserere
333 1036 398 1095 mei,
410 1049 465 1096 quas
476 1037 501 1082 te
511 1036 536 1081 in
546 1037 618 1083 utero
625 1037 661 1083 tot
684 1038 725 1097 pia
743 1039 821 1085 matre
842 1038 1013 1097 supplemento
1032 1035 1153 1096 passionis
1171 1034 1216 1082 ad·

133 1104 256 1151 mensium
275 1104 397 1151 curriculo
417 1103 535 1164 portavi;
556 1115 589 1151 ne
609 1116 661 1151 uno
682 1106 781 1165 juncia,
798 1119 852 1165 quse
870 1104 896 1151 in
913 1105 1005 1153 talibus
1019 1102 1078 1151 tiliis
1093 1103 1216 1162 integram

132 1168 660 1232 momentocontundasscnoctutem'meam,
684 1170 1214 1236 picototomanetparmivitctpepcut.

133 1252 166 1288 no
183 1240 308 1290 decolores
324 1243 362 1290 tot
378 1242 482 1288 tratrem
497 1241 594 1288 tuorum
609 1241 661 1288 tro·

133 1310 218 1369 piosa,
226 1323 258 1359 ne
266 1322 362 1360 merum
373 1319 458 1357 eorum
468 1309 612 1357 comitatum
621 1322 662 1357 re·

134 1377 251 1438 linquas,
272 1391 306 1426 ne
327 1378 476 1426 consortium
498 1377 605 1425 deseras.
626 1378 661 1426 'l'e

133 1444 214 1494 adbuc
220 1446 261 1494 isti
269 1446 415 1507 exspectant
420 1445 549 1505 triumphi.
558 1445 661 1506 Adspice
685 1446 839 1495 simenem
852 1447 919 1485 usar·
931 1448 990 1485 ¹1¹³ss
1001 1447 1089 1486 ‘mh‘
1096 1449 1176 1496 ”itm
1184 1445 1217 1484 ¹·

133 1513 162 1561 in
172 1515 277 1575 coelum,
288 1515 354 1563 unde
369 1514 472 1561 bausisti
490 1514 618 1574 spiritum,
630 1515 662 1562 ad
706 1500 788 1538 ΠΜ
796 1504 921 1549 martyrum
928 1501 1021 1549 wenna
1027 1499 1191 1539 ”mmm

108 1600 111 1612 =
133 1583 231 1630 Patrem
249 1583 359 1630 omnium
371 1596 378 1628 ι
390 1582 489 1642 adspice
506 1583 534 1629 in
551 1583 660 1645 terram,
715 1587 753 1634 iti.
765 1588 928 1635 mensures
936 1589 962 1635 in
970 1586 1114 1634 memoriam
1125 1597 1218 1635 sermo·

134 1664 189 1712 quas
202 1650 249 1700 tibi
263 1652 322 1699 anie
338 1651 479 1698 alimoniam
490 1651 659 1702 ministrarit:
684 1667 728 1702 nes
746 1657 836 1703 sunctae
855 1655 953 1704 feminee
964 1655 1070 1703 dicentis
1086 1654 1117 1701 nd
1131 1653 1215 1704 tiliosr

134 1719 234 1780 adspice
244 1720 275 1766 ad
284 1719 384 1780 tratres,
396 1720 438 1780 qui
448 1720 567 1781 collegam
577 1722 662 1782 requi·
683 1725 732 1783 l‘qo
742 1737 786 1772 vos
794 1724 883 1784 penui,
894 1737 938 1783 ego
949 1724 1020 1771 vobis
1033 1735 1135 1772 succum
1144 1723 1216 1772 iseo·

135 1791 193 1838 mni
203 1803 210 1837 c
222 1790 321 1851 adspice
332 1790 363 1838 sd
373 1791 491 1850 matrem,
499 1803 554 1851 qna
564 1791 611 1838 tibi
622 1793 660 1840 lac
683 1792 778 1851 inludi,
787 1792 866 1839 nolite
878 1793 1034 1840 nobilitatem
1042 1793 1151 1840 vestram
1159 1805 1216 1852 per·

842 1347 970 1402 CAPUT
987 1346 1058 1400 ΧΠ.

135 1858 217 1919 dedit,
226 1859 304 1907 redde
319 1860 459 1908 mercedem
473 1860 510 1920 pii
522 1861 659 1922 sanguinis,
684 1860 753 1908 dere.
764 1860 804 1908 Sic
819 1860 875 1908 alia
889 1861 981 1908 matres
994 1872 1113 1908 revocare
1124 1870 1216 1909 amar·

134 1927 185 1974 noli
196 1939 211 1975 a
222 1927 352 1989 tratribus,
370 1928 420 1977 noll
436 1940 451 1975 a
469 1931 547 1977 matre
563 1928 659 1979 divelli.
684 1930 748 1989 tyrio
765 1931 845 1978 solent
859 1929 922 1977 tilios
932 1962 940 1988 ,
951 1941 1000 1977 non
1016 1941 1115 1978 vocare.
1126 1928 1214 1979 nino

134 1996 290 2057 Temporaies
309 2009 368 2058 opes
386 1997 443 2045 sunt
461 2009 521 2057 quas
538 1998 661 2058 promittit
684 1999 822 2046 maiomam
836 1999 863 2046 ln
873 1998 919 2046 boc
930 1998 1038 2058 ponebat
1052 1997 1215 2058 altmanni

134 2065 661 2127 Antiochus,temporalesbonorostperpe·
683 2066 742 2115 tiliis
760 2068 839 2116 vitam
861 2067 938 2127 magis
958 2067 1120 2127 perpetuam,
1141 2078 1215 2127 qm·

133 2134 177 2181 tua
187 2146 274 2183 corona
284 2148 339 2196 mun
352 2148 367 2182 a
381 2136 432 2183 Deo
442 2135 610 2195 omnipotente
618 2137 661 2185 dc-
684 2136 845 2196 temporalem
855 2136 978 2184 suaderet.
988 2135 1121 2196 Spectabat
1130 2135 1215 2198 itaquo

134 2201 222 2251 ierus.
230 2205 279 2252 Vos
289 2203 350 2251 mibi
357 2204 453 2264 septem
460 2203 557 2251 dierum
564 2205 660 2253 lumina
683 2206 724 2266 pia
735 2206 927 2253 matertiiiomm
934 2205 1085 2263 certamina,
1095 2205 1121 2252 et
1128 2212 1224 2263 quanm·

135 2269 205 2319 dedit
229 2273 368 2332 Dominus,
393 2273 492 2320 sextum
515 2272 564 2330 iam
594 2273 661 2322 diem
683 2275 1033 2324 cismatemorumviscemm
1044 2273 1215 2334 compassione

134 2338 225 2400 clausi,
239 2341 266 2389 et
282 2342 393 2389 omnium
410 2353 484 2401 opera
497 2340 560 2389 bona
579 2343 659 2392 valde.
683 2343 840 2403 quateretur,
855 2345 939 2390 tamen
951 2340 1052 2400 pietatis
1062 2341 1146 2389 studio
1157 2352 1216 2402 pre

133 2407 216 2457 Debes
225 2410 298 2472 mibi,
308 2410 359 2471 tili,
369 2410 399 2458 ut
406 2423 461 2470 qum
469 2410 496 2457 ln
507 2410 558 2458 illis
568 2423 613 2458 sex
623 2413 661 2459 le·
684 2413 767 2460 ruebat
777 2412 894 2460 dolorem.
906 2411 935 2456 at
945 2409 1063 2457 ottocento
1078 2410 1215 2471 Antiocho,

132 2474 238 2538 borasi,
255 2479 283 2527 in
304 2480 330 2528 te
354 2479 509 2540 requiescam
535 2480 659 2540 septimo,
684 2493 739 2528 cum
755 2483 837 2540 posset
855 2479 958 2528 salutem
976 2477 1068 2537 eligere
1087 2477 1213 2540 saliorum,

133 2545 258 2606 tamquam
266 2560 279 2595 a
287 2549 370 2596 saeeuii
380 2548 497 2608 operibus
505 2548 555 2606 iam
564 2547 660 2597 terlata.
683 2550 790 2598 malebat
799 2549 937 2609 periculum
947 2546 1160 2607 :compressisque
1171 2559 1215 2595 na-

133 2612 220 2675 itaque
230 2617 368 2676 proripiens
383 2628 409 2662 se
418 2615 517 2673 juvenis
532 2616 568 2662 ait
580 2616 661 2675 :Quid
684 2620 745 2666 turae
765 2619 911 2677 gemitibus,
930 2629 1014 2676 poenas
1036 2615 1095 2663 filiis
1113 2618 1214 2676 optabat
1233 2620 1235 2626 '

134 2684 277 2733 sustinetisi
292 2686 321 2732 lii
337 2684 414 2730 muita
429 2682 586 2742 vocitemus,
596 2685 660 2743 quod
684 2687 781 2747 augeri,
792 2687 821 2733 ut
831 2698 895 2733 mors
907 2684 980 2733 citius
991 2685 1212 2744 appropinquaret.

134 2765 289 2814 nequaquam
309 2752 395 2800 divelli
416 2753 497 2811 posset
521 2762 536 2798 a
558 2751 660 2800 fratrum
684 2754 990 2802 Videmusconversarota
1000 2753 1087 2799 matris
1099 2752 1214 2814 iniiliou

134 2823 276 2882 consortiis,
287 2833 390 2882 quorum
405 2821 482 2867 multo
497 2820 607 2868 beatiora
623 2833 661 2868 es-
684 2834 715 2869 ne
736 2835 808 2882 mem
830 2822 987 2881 superstitem
1008 2820 1215 2882 derelinqueret,

133 2891 190 2938 sent
200 2891 299 2949 lunera,
309 2901 381 2949 quam
392 2889 457 2948 regis
471 2888 591 2948 imperia,
603 2901 660 2937 cum
684 2890 727 2937 sed
734 2902 818 2937 omnes
826 2890 873 2950 piae
882 2888 1021 2936 coheredes
1032 2891 1119 2937 mortis
1128 2892 1213 2953 acqui-

133 2959 234 3019 urqeret
246 2957 366 3005 conviciis
377 2969 474 3017 regem,
487 2957 513 3003 et
526 2957 579 3018 ipse
591 2970 660 3005 acer·
683 2960 759 3008 reret.

133 3026 173 3076 bis
180 3027 336 3076 excruciatus
343 3026 518 3075 tormentomm
528 3027 660 3088 generibus
713 3028 752 3076 bt.
763 3029 811 3077 Sed
819 3042 864 3077 nec
873 3028 917 3077 tilii
926 3028 1033 3076 minores
1040 3027 1085 3075 tall
1095 3028 1213 3092 parents,

134 3096 192 3145 vitas
201 3096 276 3155 hujus
285 3108 374 3144 munus
383 3096 497 3144 absolvit.
682 3100 725 3160 qui
736 3112 761 3146 se
772 3099 880 3146 invicem
895 3098 1100 3155 cohortabantur,
1111 3099 1156 3158 qui
1175 3098 1214 3146 di-

163 3165 202 3215 io.
215 3164 350 3214 Nouissima
360 3165 440 3213 mater
449 3165 530 3214 oblata
540 3165 578 3214 est
592 3166 657 3215 neci.
682 3170 771 3218 cebant
786 3181 835 3215 uuo
849 3169 944 3226 studio,
955 3169 981 3214 et
992 3167 1098 3227 quadam
1117 3167 1215 3216 animo·

132 3235 193 3294 Quis
210 3234 274 3283 hanc
292 3234 389 3282 beatam
407 3236 499 3295 neget,
516 3246 572 3295 quas
589 3235 658 3296 quasi
682 3251 737 3285 mm
758 3237 811 3284 acie
830 3250 837 3282 t
856 3236 938 3283 blortis
959 3234 1068 3282 adversm
1091 3235 1215 3295 impetum

132 3303 227 3365 septem
245 3304 335 3352 uallata
351 3303 508 3363 muneribus,
523 3303 589 3351 inter
607 3316 659 3351 cor·
682 3308 842 3366 proteramus.
853 3305 921 3352 Tunc
933 3304 1001 3350 enim
1017 3303 1145 3364 vivemus,
1157 3318 1214 3352 cum

131 3384 191 3434 pora
202 3372 308 3421 tiliomm
321 3373 418 3421 nulium
429 3372 506 3420 sentit
516 3372 602 3421 mortis
618 3373 658 3420 in·
682 3374 800 3422 fuerimus
816 3374 916 3419 mortui.
934 3374 1010 3420 Nemo
1028 3371 1132 3432 pietatis
1145 3374 1215 3420 ordi·

132 3440 658 3501 cursumiQuis,lnquam‚dubiteideeius
681 3455 738 3489 nem
757 3442 930 3500 derelinquat,
949 3452 1020 3486 nemo
1039 3453 1065 3487 se
1085 3440 1213 3491 subtrabat

131 3508 363 3569 beatitudino,quas
380 3511 474 3569 septem
485 3509 595 3557 iuiribus
609 3510 658 3556 cir-
681 3512 766 3572 pralio
786 3509 937 3569 triumphali.
958 3511 1010 3556 Non
1032 3509 1147 3570 homini,
1169 3510 1213 3558 sed

132 3578 260 3637 cumdata,
276 3577 303 3624 in
315 3577 420 3637 paradisi
432 3578 514 3626 sedem
528 3580 602 3640 caput
612 3592 657 3626 cx·
681 3580 842 3640 omnipotenti
865 3580 918 3626 lieo
945 3579 1039 3625 nostras
1063 3577 1212 3628 devovimus

131 3646 203 3705 tulit,
214 3660 269 3707 qua
279 3647 375 3705 septem
385 3647 442 3694 tiliis
456 3647 536 3696 cincta
545 3649 658 3696 sacratis·
682 3648 773 3695 animas
785 3661 791 3693 :
803 3659 852 3694 uon
868 3647 977 3703 homini,
989 3646 1031 3692 sed
1043 3648 1139 3693 auctori
1158 3660 1211 3696 om·

131 3715 220 3762 simum
231 3716 283 3762 lieo
290 3715 390 3762 eborum
398 3728 446 3762 non
455 3717 532 3763 solum
541 3728 657 3763 canorum
681 3719 749 3765 nium
760 3717 902 3764 militamus.
917 3715 982 3762 'lulis
995 3714 1046 3762 lsaec
1056 3728 1138 3775 pugna
1149 3719 1187 3764 est
1198 3751 1207 3777 ,

132 3782 246 3841 uocibus,
258 3783 302 3831 sed
312 3783 388 3831 etiam
398 3784 551 3843 passionibus
561 3785 591 3831 ad
602 3796 657 3831 con·
680 3787 709 3832 ut
720 3785 762 3831 ilie
773 3784 892 3844 gloriosus
906 3783 1013 3839 vicerit,
1025 3783 1068 3843 qui
1085 3783 1212 3833 crudelius

131 3850 248 3899 eluendas
258 3851 361 3898 Domino
372 3851 456 3899 laudes
466 3853 608 3899 coelestibus
618 3854 658 3900 in·
681 3855 775 3901 occisus
795 3853 878 3900 tuerit.
900 3855 984 3913 ltaque
1006 3865 1079 3900 nemo
1103 3854 1211 3912 timuit,

131 3921 202 3973 rexit
212 3919 347 3970 altaribus!
356 3922 434 3980 Quam
444 3921 521 3968 bonus
532 3921 589 3969 tidoi
601 3934 658 3982 par·
680 3935 753 3970 nemo
763 3921 910 3982 trepidarit,
922 3922 1004 3969 nuilus
1020 3921 1050 3968 ad
1061 3924 1165 3970 moriem
1177 3934 1210 3971 cx

132 3991 184 4051 tus,
201 4002 275 4057 quam
292 3990 361 4039 iuius
377 3989 461 4052 portus
479 3989 526 4040 iste
541 3989 656 4053 pietatis,
681 3991 717 4040 tot
737 3990 852 4038 tratribus
872 3990 963 4052 pigrior
985 3988 1032 4039 luit
1044 4003 1050 4037 ι
1063 3990 1107 4039 sed
1124 4000 1211 4039 omncs
