2676 4800
122 392 165 432 lm
175 391 241 435 affl
370 331 621 379 cuneboaoora
635 332 869 380 aubuosthrth.
1088 329 1166 382 mlh

152 446 199 499 ³9⁰
272 451 446 508 Ambrosium
458 452 580 508 iurisunt
591 452 646 508 duo
657 455 838 523 potentissimi
850 469 883 509 ae
893 454 1086 524 sapientissimi
1098 460 1168 513 Per-

235 544 337 586 sarum.
910 577 915 586 ,

150 604 196 658 aar
271 612 381 665 summa
392 625 461 685 paee
474 609 568 668 fruens
580 612 741 682 Episcopus,
753 613 809 669 otia
822 612 856 668 ad
868 613 1068 670 elucubrandos
1080 615 1163 669 libros

238 683 273 743 dc
287 688 392 760 Officiis
402 692 607 747 ministrorum
620 693 762 762 impendit.
771 694 885 764 -Ejicit
895 709 912 750 e
923 695 1089 750 monasterio
1100 698 1165 750 Sar-

236 769 383 824 mationcm
400 785 433 825 ac
451 771 648 826 barbatianum
668 773 825 827 monachos.

147 843 197 896 aba
269 849 388 903 Reverso
408 848 437 903 in
458 850 600 905 Orientem
616 851 781 917 Theodosio,
803 853 939 908 occiditur
959 853 994 908 ab
1013 855 1163 923 hrbogaste

237 928 547 986 comiteValentiniauus
555 930 1071 1001 iunior,cu1'usfunestissimamnecem
1080 933 1165 988 deflet

235 1006 392 1061 Ambrosius
407 1007 436 1061 in
452 1008 649 1063 consolatione
666 1005 700 1080 de
718 1011 914 1065 Valentiniani
931 1010 1018 1067 obilu.
1034 1041 1063 1050 -
1075 1012 1162 1068 Habet

236 1099 343 1156 guoque
355 1101 511 1142 sermonem
522 1083 557 1141 dc
573 1082 755 1143 Imittocione
767 1091 900 1158 themate.

144 1160 195 1214 3⁸5
267 1165 412 1221 Interfecto
433 1167 643 1230 Valentiniano,
669 1167 833 1235 hrbogastes
857 1170 1011 1239 Eugenium
1039 1185 1163 1238 purpura

237 1243 332 1299 induit.
357 1246 408 1301 llic
430 1246 558 1316 epistolas
579 1245 775 1300 Mediolanensi
792 1246 921 1316 episcopo
940 1248 1039 1314 mittit,
1060 1264 1109 1313 ac,
1128 1265 1163 1304 ne

236 1338 363 1394 responso
374 1326 488 1397 quidem
499 1328 626 1395 accepto,
642 1327 738 1378 transit
750 1326 847 1394 Alpes,
861 1325 1102 1398 Mediolanumque
1120 1329 1163 1381 in-

236 1404 367 1472 greditur.
378 1405 454 1460 Unde
464 1404 573 1475 tyranni
585 1407 727 1474 aspectum
738 1402 847 1474 fugiens
859 1406 1030 1472 umbrosius,
1041 1408 1161 1476 primum

235 1485 396 1550 Bononiam,
410 1484 510 1539 deinde
522 1484 686 1539 Florentiam
699 1500 728 1539 se
737 1483 857 1550 confert,
871 1485 918 1538 ubi
929 1485 1031 1541 librum
1044 1487 1100 1541 edit
1111 1487 1160 1554 qui

235 1562 392 1617 inscribitur
402 1561 574 1618 Exhortatio
585 1565 772 1632 virginitatis.

142 1638 197 1692 594
264 1646 335 1697 Dum
344 1643 678 1698 Florentiaecommoratur
687 1643 961 1714 Sanctus,contingit
971 1644 1033 1699 illac
1043 1645 1161 1700 transire

234 1723 262 1776 S.
282 1723 425 1776 Paulinum
446 1736 510 1776 cum
529 1722 658 1777 Therasia
678 1737 849 1788 uxorema,
868 1726 894 1777 S.
915 1724 1012 1777 Felicis
1032 1724 1162 1794 martyris

236 1801 366 1870 templum
383 1802 532 1870 petentem.
551 1802 619 1854 Cum
637 1814 670 1855 eo
688 1801 866 1856 sanctissimae
882 1802 992 1856 vincula
1010 1803 1163 1856 necessitu-

237 1881 306 1935 dinis
314 1883 404 1952 jungit
417 1881 586 1936 Ambrosius.
602 1911 631 1920 -
645 1884 721 1947 Post,
735 1883 881 1938 incedente
897 1886 992 1937 contra
1007 1885 1160 1953 Eugenium

236 1961 382 2015 Theodosio
395 1974 459 2015 cum
471 1961 569 2029 copiis,
582 1960 617 2015 de
629 1959 702 2015 felici
719 1961 857 2030 justorum
874 1976 1014 2016 armorum
1031 1975 1160 2016 successu

235 2041 347 2096 minime
355 2041 484 2096 dubitans
493 2042 519 2094 S.
531 2041 646 2105 Praesul,
657 2041 839 2094 Mediolanum
849 2042 1008 2106 revertitur,
1019 2041 1067 2094 ubi
1079 2040 1161 2108 paulo

237 2124 295 2190 post
305 2121 403 2190 recipit
414 2121 448 2174 ab
460 2123 625 2188 imperatore
637 2119 756 2184 litteras,
770 2119 873 2189 quibus
886 2119 920 2175 dc
938 2121 1015 2176 clade
1028 2121 1159 2190 Eugenii,

237 2215 290 2254 vm
301 2200 361 2255 idus
372 2200 541 2270 septembres
554 2199 725 2268 interempti,
738 2199 840 2255 certior
851 2198 943 2255 fiebat.

269 2282 476 2335 Enarrotioccs
501 2279 534 2331 hc
552 2280 680 2347 psalmos
709 2283 823 2344 XXXV,
853 2282 984 2343 XXXVI,
1014 2281 1160 2343 XXXVII,

236 2358 388 2422 XXXVIII,
400 2357 513 2409 XXXIX
524 2358 550 2409 ct
564 2358 624 2420 XI,
637 2355 671 2410 de
683 2359 816 2425 suggestu
828 2356 997 2425 pronuntIat.

271 2435 320 2491 bie
336 2451 400 2490 xum
415 2435 469 2489 hal.
486 2433 639 2493 februarias
664 2434 721 2487 obit
741 2434 924 2496 Theodosium
941 2434 987 2486 eui
1008 2431 1161 2496 succedunt

235 2516 315 2569 ambo
329 2513 379 2569 filii
397 2516 539 2569 ducamus
557 2515 586 2566 in
601 2514 728 2578 Oriente,
749 2513 777 2565 in
794 2511 942 2566 occidente
960 2512 1114 2564 Ennomus.
1130 2536 1160 2549 -

122 2610 130 2621 ·
236 2594 363 2650 llefuncti
375 2594 546 2664 imperatoris
564 2591 709 2648 funebrem
722 2593 888 2646 Orationem
902 2589 1063 2660 pronuntiat
1080 2602 1163 2644 moes·

238 2675 356 2729 tissimus
368 2674 480 2728 l‘raesul.

272 2755 348 2808 Haud
360 2755 441 2824 paulo
453 2756 513 2822 post
524 2753 630 2807 Nazarii
644 2767 676 2806 ac
687 2751 756 2807 Celsi
772 2752 924 2820 martyrum
937 2764 1023 2805 sacrae
1036 2749 1161 2818 reliquiae

240 2837 328 2887 nostro
340 2834 482 2888 Ambrosio
494 2833 622 2887 revelatae
633 2834 706 2885 sunt.
722 2860 752 2869 -
765 2832 821 2883 lloc
832 2830 916 2884 etlam
928 2843 1013 2892 anno,
1026 2842 1089 2881 cum
1101 2829 1163 2895 post

239 2915 378 2968 rboodosii
395 2916 512 2968 mortem
530 2913 698 2981 locupletum
716 2911 858 2964 bominum
879 2909 906 2962 in
925 2922 1061 2978 pauperes
1082 2907 1166 2961 inluu-

240 2995 353 3048 manitas
365 2993 497 3049 crevisset
516 2993 543 3045 in
560 2992 738 3055 immensum,
752 2989 886 3044 acerrime
903 2988 1033 3043 adversus
1049 3001 1095 3042 eos
1116 2987 1162 3039 in-

238 3072 345 3127 uehitur
357 3073 385 3126 in
396 3073 567 3128 sermonibus
576 3067 610 3125 cte
620 3069 748 3124 Nabuthe
759 3069 926 3124 iezraelita.

271 3154 326 3207 lloc
347 3167 434 3217 anno,
453 3166 516 3207 cum
531 3151 632 3206 milites
647 3149 732 3219 aliqui
750 3150 856 3219 asylum
876 3148 1057 3203 eeclesiarum
1074 3145 1163 3199 viola-

239 3232 356 3298 vissent,
371 3232 435 3288 diro
452 3232 580 3286 Antistite
597 3244 689 3284 coram
706 3231 793 3284 altare
809 3231 976 3298 prostratum
991 3239 1090 3301 corpus
1110 3225 1163 3277 lra-

239 3309 320 3366 bente
335 3327 368 3366 ac
389 3310 458 3365 tanti
477 3312 588 3365 sceleris
605 3324 715 3378 poenam
733 3307 915 3377 efflagitante,
936 3305 988 3373 ipsi
1009 3304 1163 3357 incircum

239 3394 408 3446 revertentes
421 3404 436 3443 a
448 3390 583 3459 leopardis
595 3389 743 3442 tantantur.

271 3470 354 3524 llittlt
366 3469 485 3539 antigii,
498 3472 751 3523 hlarcomannorum
767 3464 876 3535 regina,
889 3462 1031 3517 Ambrosio
1047 3461 1164 3532 legatio-

239 3561 313 3603 nem.
324 3549 366 3603 hd
375 3563 459 3619 quam
471 3549 515 3603 ille
526 3549 666 3617 rescripsit
675 3548 703 3600 in
714 3545 826 3599 modum
835 3543 993 3598 catechismi
1004 3542 1162 3610 epistolam,

237 3642 300 3698 quae
314 3627 460 3683 infeliciter
471 3627 562 3697 periit.
578 3657 607 3666 -
620 3629 688 3682 Item
699 3624 795 3680 scribit
810 3623 844 3678 ad
858 3622 1059 3679 vercellensem
1075 3622 1165 3675 eccle-

238 3706 321 3771 siam,
334 3707 369 3762 de
386 3707 520 3761 electione
536 3706 668 3775 episcopi.

136 3785 194 3838 397
275 3786 366 3841 Pridie
378 3800 463 3841 nonas
474 3785 587 3854 apriles,
602 3786 630 3838 in
642 3786 752 3839 sabbato
767 3785 875 3845 sancto,
888 3781 977 3837 evolat
995 3778 1029 3833 ad
1046 3781 1164 3849 Superos

238 3866 265 3920 S.
278 3865 450 3930 Ambrosius,
464 3880 517 3919 non
532 3866 665 3935 completa
676 3864 782 3932 psatoti
796 3864 885 3916 Xhlll
895 3860 1093 3915 occurratioae.
