2676 4800
512 357 805 406 ιιιιιιιιιοιιιι.
1012 342 1017 350 ’
1163 359 1196 405 xr

130 450 199 508 qnam
216 436 263 493 dle
286 434 420 492 festinato
439 437 588 504 ueniebat,
610 439 645 493 ad
662 440 861 494 Bononiensem
878 437 1018 494 civitatem
1035 433 1193 508 emigravit,

131 520 199 585 atque
207 514 270 570 inde
280 513 446 572 Faventiam
454 529 547 587 usque
558 517 689 586 perrexit.
705 518 755 572 Ubi
767 531 830 572 cmn
842 516 989 587 aliquantis
1002 515 1116 586 degeret
1132 516 1195 574 ‹lie-

130 593 180 658 ιιιι,
196 594 332 649 inritatus
351 607 369 648 a
385 594 568 660 Florentinis,
587 593 621 649 ad
638 595 763 650 Tusciam
781 611 869 666 usque
881 595 1037 661 descendit,
1056 596 1195 654 declinam

131 674 200 743 ungis
216 673 351 743 sacrilegi
369 672 422 728 riri
436 672 617 743 adspectum,
634 688 689 727 non
709 671 857 728 formidans
873 674 1034 743 imperantis
1051 675 1193 744 injuriam

130 751 555 823 nmeteprstolamadeumdem
564 752 673 817 dedit
665 767 694 805 ιιι
703 754 892 822 quaconvenrt
901 754 1096 811 conscientiam
1105 755 1193 820 ιιιιιιι

129 831 209 901 deque
217 846 311 901 pauca
321 829 359 885 de
370 831 465 885 multis
475 830 602 901 ponenda
610 830 687 884 (ιιιιι.
697 831 774 884 «Etsi
781 831 956 900 imperatoria
967 835 1085 900 potestas
1095 848 1194 903 magna

128 911 193 975 sit,
204 912 303 964 tamen
314 907 464 962 considera
471 910 657 977 „lmperat0r
673 910 792 977 quantus
810 909 846 963 sit
861 909 1195 966 neus.cordanon1inum

127 989 233 1053 uidet,
253 986 459 1042 conscientiam
479 986 640 1042 interiorem
661 988 827 1057 interrogat,
847 988 922 1042 novit
939 989 1029 1043 omnia
1047 994 1195 1060 antequam

127 1029 233 1130 ιιιιιι,1
235 1066 313 1120 norit
326 1066 440 1120 interna
453 1065 573 1136 pectoris
590 1067 640 1119 tui.
653 1066 705 1134 ipsi
717 1064 775 1119 falli
787 1079 834 1119 vos
847 1080 901 1120 non
912 1066 1054 1136 patimini,
1067 1069 1096 1122 et
1106 1071 1195 1124 Deum

125 1147 225 1200 »ruitis
236 1148 348 1202 celaret
359 1148 419 1200 Non
428 1145 532 1200 cecidit
547 1145 576 1199 in
587 1146 709 1199 animum
719 1149 799 1199 tuum
813 1145 981 1215 quidquam?
992 1147 1019 1199 Si
1030 1147 1068 1200 illi
1078 1148 1196 1215 agebant

125 1244 139 1271 ι
148 1227 205 1278 tam
219 1225 447 1293 perseveranter,
460 1237 550 1278 nonne
568 1227 647 1278 tuum
660 1222 728 1289 fuit,
746 1225 912 1291 tmperator,
932 1236 981 1290 pro
995 1223 1046 1277 Dei
1057 1225 1157 1278 summi
1167 1228 1196 1281 et

125 1323 140 1349 ι
150 1303 306 1358 serietriri
316 1303 499 1358 veneratione
508 1303 731 1371 perseverantius
740 1302 874 1355 obsistere
883 1340 891 1366 ,
900 1303 930 1361 et
941 1315 1042 1370 negare
1053 1301 1195 1371 quoderat

124 1401 139 1428 n
150 1381 179 1434 in
191 1382 316 1451 injuriam
328 1395 417 1436 sacrae
432 1381 519 1450 legisi
532 1402 547 1429 u
556 1383 588 1434 nt
597 1380 701 1436 iterum
712 1395 720 1434 :
731 1402 747 1428 ι
758 1380 894 1448 Quoniam
906 1380 991 1449 igitur
1002 1380 1071 1434 meis
1082 1382 1194 1438 vocibus

124 1482 138 1507 ι
148 1465 176 1516 et
189 1461 262 1530 apud
277 1464 368 1516 iteum
378 1463 408 1516 et
419 1459 494 1528 apud
505 1474 599 1515 omnes
608 1461 733 1515 homines
749 1462 845 1519 teneor
856 1474 863 1514 ε
874 1460 949 1514 aliud
964 1459 1032 1514 mihi
1044 1474 1097 1515 non
1110 1461 1194 1520 licere

125 1563 137 1589 ι
149 1541 284 1609 intellexi,
294 1540 372 1597 aliud
380 1555 436 1595 non
445 1543 588 1610 oportere,
600 1540 653 1596 nisi
664 1544 693 1595 ul
702 1541 876 1597 consulerem
884 1539 952 1594 milri
961 1578 969 1606 ‚
979 1541 1045 1612 quia
1055 1542 1193 1612 nonpotui

126 1623 235 1675 ·.»›til›i

152 1702 191 1754 ns
204 1703 233 1754 tn
244 1700 408 1791 supradicta
417 1700 511 1770 itaque
523 1698 636 1756 ciuitate
647 1699 881 1764 florentinorum,
893 1712 958 1754 cum
968 1699 995 1752 in
1006 1697 1087 1753 domo
1095 1699 1193 1756 claris·

124 1782 178 1832 simu
171 1780 328 1871 quondam
337 1780 391 1834 uiri
402 1779 548 1845 Decentis,
560 1783 589 1833 et
600 1779 674 1849 quod
683 1783 725 1835 est
739 1780 871 1848 amplius,
883 1778 1041 1843 christiani,
1054 1781 1192 1845 maneret,

126 1859 207 1913 tilius
199 1860 302 1928 ipsius,
313 1858 485 1928 pansophius
497 1857 624 1923 nomine,
638 1858 785 1913 admodum
798 1858 944 1928 parvulae,
956 1872 1020 1912 cum
1031 1857 1150 1928 spiritu
1143 1873 1196 1913 rm·

126 1937 216 1991 mundo
233 1939 391 2002 laboraret,
409 1935 549 2007 frequenti
564 1938 688 1993 oratione
704 1940 733 1992 et
747 1936 921 2006 impositione
933 1950 1030 1991 manns
1041 1937 1194 1993 Sacerdotis

126 2016 201 2083 ipsim
215 2021 259 2072 est
269 2020 404 2071 sanatus
398 2056 405 2069 .
417 2016 467 2070 sed
477 2018 539 2085 post
547 2017 701 2086 aliquantos
710 2015 769 2071 dies
777 2015 868 2070 subita
880 2014 1040 2071 infirmitate
1052 2019 1195 2085 correptus

126 2093 268 2150 intantulus
277 2095 419 2149 exhalavit
428 2095 567 2163 spiritum.
577 2096 661 2163 Cujus
670 2096 759 2149 mater
767 2093 846 2148 ualde
855 2093 997 2162 religiosa,
1010 2095 1038 2148 et
1048 2094 1129 2163 plena
1141 2094 1194 2152 tide

126 2186 152 2225 ac
161 2175 256 2229 timore
265 2174 336 2239 Dei,
349 2175 441 2227 ablato
450 2173 497 2227 illo
506 2173 541 2228 de
549 2174 690 2242 superiore
699 2171 1195 2242 partedomus,adinterioradescen-

127 2251 173 2315 dil,
182 2269 213 2308 ac
225 2255 257 2309 in
266 2254 342 2309 tecto
352 2253 522 2319 Sacerdotis,
536 2253 596 2322 ipso
609 2254 737 2319 absente,
751 2254 912 2321 conuscsuit.
924 2255 1012 2320 Quem
1022 2269 1085 2308 cum
1097 2270 1194 2311 rever·

128 2333 179 2385 tens
186 2333 319 2389 Sacerdos
333 2333 362 2387 in
375 2334 476 2387 lectulo
489 2332 638 2388 invenisset
653 2331 729 2403 (erat
740 2332 815 2386 enim
824 2332 871 2384 illo
880 2332 908 2386 in
920 2335 1044 2401 tempore
1055 2335 1132 2388 extra
1142 2334 1194 2388 do·

127 2424 195 2464 mum
202 2410 337 2481 positus),
348 2411 495 2466 miseratus
509 2413 636 2474 matrem,
649 2413 678 2465 et
686 2408 767 2464 fidem
777 2409 864 2476 ipsius
875 2410 1091 2477 contemplatus,
1101 2412 1195 2466 Elisaeo

128 2490 220 2543 similis
228 2505 309 2559 supra
322 2503 425 2558 corpus
437 2488 548 2543 infantis
559 2503 588 2544 sc
599 2488 657 2557 ipse
670 2486 837 2554 composuit,
848 2487 931 2555 atquc
941 2487 1043 2540 orando
1054 2489 1155 2542 meruit
1164 2492 1196 2544 ut

129 2568 211 2622 risum
223 2569 355 2623 redderet
365 2567 464 2632 matri,
480 2580 564 2637 quem
576 2570 716 2620 mortuum
729 2563 872 2619 invenerat
886 2579 892 2617 :
905 2564 940 2618 ad
954 2579 1038 2634 quem
1052 2567 1137 2621 etiam
1149 2567 1194 2621 in-

130 2645 254 2701 lantulum
266 2647 393 2701 lrloellum
411 2645 586 2714 conseripsit,
599 2646 630 2698 ut
642 2644 715 2714 quod
727 2657 778 2711 per
793 2644 881 2697 aetatis
897 2641 1041 2697 infantiam
1056 2646 1128 2701 scire
1141 2659 1194 2700 non

131 2730 240 2791 poterat,
259 2725 378 2796 legendo
399 2725 586 2794 cognosceret.
605 2725 800 2779 Verumtamen
822 2720 924 2776 tactum
942 2723 1051 2792 scriptis
1067 2724 1125 2780 suis
1141 2741 1194 2780 non

132 2805 346 2860 commemoravit
364 2819 371 2858 :
388 2803 438 2859 sed
455 2816 511 2873 quo
524 2800 630 2857 eltectu
643 2799 823 2856 declinaverit
834 2815 1063 2868 commemorare,
1083 2808 1196 2860 nonest

131 2888 244 2937 noslmm
254 2883 392 2952 judicare.

157 2965 195 3015 ιι.
206 2966 236 3016 ιιι
246 2962 345 3017 eadem
354 2960 440 3016 etiam
449 2960 561 3016 civitate
570 2959 712 3014 basilicam
723 2958 921 3024 constituit,in
930 2975 985 3030 qua
995 2959 1121 3030 deposuit
1132 2964 1197 3017 reli·

131 3041 200 3110 quies
208 3046 365 3112 martyrum
375 3041 471 3095 vitalis
482 3044 510 3096 et
519 3041 669 3111 Agricolae,
682 3052 801 3109 quorum
812 3052 927 3107 corpora
939 3038 967 3092 in
980 3041 1143 3095 Bononiensi
1153 3042 1196 3094 ci-

131 3123 206 3177 vitate
215 3122 370 3185 lesarerat3
382 3120 470 3189 posita
479 3120 553 3174 enim
564 3121 644 3175 erant
655 3132 769 3187 corpora
781 3121 930 3187 Martyrum
942 3118 1015 3172 inter
1025 3133 1139 3190 corpora
1149 3122 1199 3174 lu-

131 3199 245 3254 teorum
259 3217 267 3253 :
280 3202 403 3254 necerat
415 3199 555 3269 cognitum
566 3198 666 3267 populo
678 3196 842 3261 christiano,
857 3196 908 3250 nisi
920 3211 950 3251 se
962 3197 1049 3250 sancti
1063 3199 1197 3265 martyres

131 3278 260 3332 sacerdoti
270 3278 354 3347 ipsius
361 3277 671 3332 Ecclesiaerevelassent.
680 3277 746 3343 Quae
756 3289 819 3329 cum
828 3275 1033 3343 deponerentur
1040 3275 1093 3328 sul)
1101 3274 1196 3336 altari

130 3359 197 3426 quod
206 3359 267 3412 est
259 3372 287 3410 ιιι
296 3357 394 3413 eadem
404 3354 719 3418 basilicaconstitntum,
732 3368 830 3423 magna
842 3354 897 3407 illic
908 3353 991 3406 totius
1002 3351 1089 3420 plebis
1098 3354 1198 3406 sanctae

131 3435 218 3491 letitia
230 3439 315 3508 atque
325 3435 473 3491 exsultatio
485 3433 555 3499 luit,
574 3447 656 3547 penna
673 3433 830 3488 daemonum
841 3429 1031 3486 confitentium
1046 3431 1199 3500 martyrum

132 3517 236 3572 merita.

158 3598 199 3648 50.
214 3593 468 3662 Peridcmtempus
481 3592 748 3660 arbogasteseomes
759 3591 905 3646 adversum
919 3591 1031 3658 gentem
1042 3602 1135 3653 snam,
1148 3589 1199 3643 hoc

131 3679 181 3741 est
192 3678 374 3740 Francorum,
386 3675 493 3729 bollum
505 3672 625 3741 paravit,
638 3670 878 3743 atquepugnando
887 3684 940 3724 non
953 3683 1065 3738 parvam
1075 3667 1202 3722 multitu-

132 3753 217 3809 dinem
227 3770 312 3809 manu
321 3753 407 3820 iudit,
418 3766 486 3808 cum
496 3750 687 3806 residuisvero
697 3765 794 3820 pacem
804 3749 933 3805 firmavit.
947 3747 999 3803 Sed
1010 3761 1074 3802 curn
1087 3748 1114 3800 in
1130 3762 1199 3802 con·

133 3833 222 3887 lisina
234 3834 345 3902 regibus
356 3832 450 3902 gentis
462 3843 521 3883 suae
533 3828 762 3897 interrogaretur,
774 3831 868 3881 utrum
879 3827 962 3881 sciret
974 3825 1161 3890 Ambrosium3
1172 3829 1200 3880 et

133 3911 306 3980 respondisset
317 3926 394 3969 nosse
405 3925 438 3967 sn
451 3908 559 3973 virum,
571 3909 600 3961 et
610 3906 686 3978 diligi
697 3908 732 3962 ab
743 3919 792 3971 eo,
804 3908 891 3976 ‚atque
902 3902 1136 3973 trequenterenn
1155 3903 1201 3956 illo

136 3989 263 4044 convivari
274 3990 398 4058 solitum,
410 3984 524 4044 audivit
538 3999 570 4036 :o
580 3984 641 4040 ideo
652 3985 756 4049 vincis,
766 3985 861 4040 Comes
869 4021 877 4049 ‚
886 3983 952 4052 quia
964 3982 998 4035 alr
1010 3982 1056 4036 illo
1067 3980 1127 4036 uiro
1139 3981 1200 4034 dili-
