2714 4794
141 404 187 456 eos
483 396 488 407 '
517 405 645 451 sineru
669 404 843 450 nnenosrr

133 488 199 549 dllo,
210 499 257 536 nec
273 485 383 547 paternae
399 484 500 547 pictatis
515 488 665 548 contempla·
688 487 810 547 quereret
830 481 941 532 montem
960 482 1070 546 discere,
1085 480 1228 535 dedisoeret

133 555 566 604 tionevimdevotionisintlecteret.
689 558 842 617 appamtum.
1150 614 1153 619 ,

165 626 203 672 67.
215 627 246 672 lit
259 627 319 672 dicit
339 627 370 672 nd
384 638 454 672 enin:
466 625 603 684 Ancisem,
616 624 665 672 At-
719 625 758 671 68.
773 626 910 683 insurgens
923 621 1006 670 autem
1022 634 1073 671 non
1087 622 1168 671 solnm
1177 632 1225 673 'se-

135 692 403 751 misamtilepetitione
426 691 536 739 nominis
555 692 664 740 mentem
688 692 774 752 quenti
784 691 896 752 die‚.sed
911 691 988 738 etlam
998 690 1126 751 diluculo,
1137 693 1167 739 ut
1180 690 1225 740 sd·

135 761 242 818 excitat,
253 761 281 806 ut
296 762 361 808 esset
373 759 490 821 paratior.
502 759 616 820 nonique
627 771 665 806 rc—
689 762 774 808 tulisse
797 772 847 807 nox
871 772 950 807 moros
972 760 1055 807 studio
1082 760 1225 811 lestinsntis

134 827 231 886 spondit
249 828 291 874 ille
304 830 379 875 :Ecce
390 840 440 888 epo.
449 830 481 874 lii
496 828 665 887 disitssiccipe
689 831 765 891 patris
774 829 901 876 videretur
914 843 920 875 ε
933 832 1022 879 Stravit
1034 832 1128 879 minem
1140 845 1223 890 men,

132 898 667 957 fitinmtnnrnomentissimnm,pnemdilexisti
689 902 711 945 et
728 899 810 945 sumni
831 911 907 945 secum
928 899 986 945 dnos
1005 912 1104 958 pueros,
1116 901 1140 947 et
1156 902 1224 947 imas

135 968 211 1023 isene,
222 969 244 1013 et
253 968 310 1013 oncle
320 968 344 1011 in
353 969 441 1012 terrum
456 967 586 1022 excelsam,
597 969 618 1013 ct
629 969 666 1026 o!-
688 965 761 1023 fitium
775 978 857 1022 sunm,
869 969 890 1013 ct
906 966 1003 1012 concine
1022 966 1086 1026 liqna
1104 968 1136 1033 ad
1159 966 1224 1015 itote·

134 1033 194 1093 teres
203 1035 335 1081 militellum
344 1034 500 1080 holocaustem
511 1035 535 1079 in
543 1047 590 1079 nnn
599 1047 665 1079 mon·
689 1036 803 1080 canatum.
815 1033 937 1080 Docemur
947 1034 1031 1092 pumta
1046 1034 1132 1081 omnia
1143 1033 1175 1081 sd
1185 1044 1223 1083 ss·

134 1104 206 1160 dnm,
215 1101 486 1163 perniciossisimum
495 1101 665 1149 sinitotiosum
690 1101 810 1147 criticium
828 1100 946 1149 deterre:
963 1101 1080 1150 discimus
1091 1102 1169 1151 etiarn
1179 1115 1224 1163 sp-

134 1182 188 1218 csse
206 1171 320 1217 allectum
339 1170 455 1228 putrisll
471 1169 593 1228 principio
609 1182 665 1215 cum
689 1170 800 1227 paratum
811 1168 938 1228 sacrificii,
950 1170 975 1216 et
986 1169 1122 1217 ministerii
1131 1182 1224 1219 munus

131 1238 256 1295 stimulat,
267 1238 293 1284 et
304 1237 391 1296 pungit
405 1237 505 1297 pientes
520 1237 627 1294 aculeis,
640 1239 665 1283 et
690 1236 737 1296 ipsi
745 1236 815 1284 nobis
823 1238 961 1296 vindicare,
972 1250 1021 1285 non
1031 1238 1147 1298 delegare
1155 1238 1221 1289 suu.

133 1305 179 1353 tilii
190 1305 379 1354 nomenaddidit
389 1305 517 1352 adnomen
528 1306 665 1353 necessitu-
689 1302 771 1352 Senex
789 1305 926 1365 Abraham,
942 1306 968 1353 et
985 1306 1055 1354 dives
1072 1306 1222 1369 psentibus,

134 1376 212 1436 dinis,
220 1377 246 1422 et
257 1376 308 1422 vim
324 1375 421 1422 amoris.
432 1374 484 1420 nou
500 1374 559 1421 satis
568 1375 666 1433 putavit
689 1376 762 1434 atque
773 1375 900 1423 abundans
912 1376 1083 1436 servitiorum,
1093 1388 1144 1425 nou
1153 1388 1231 1441 (rung

135 1444 226 1492 dixisse
237 1443 331 1502 lilium,
344 1443 467 1502 adjungit,
478 1445 665 1490 amantissimum
689 1443 747 1490 sivit
756 1445 886 1492 comitatus
894 1445 932 1493 sui
940 1445 1037 1504 agmina
1045 1459 1052 1492 a
1060 1444 1114 1507 lpse
1122 1457 1220 1507 quoqu

135 1527 203 1574 qnem
213 1514 314 1561 dilexisti
322 1515 399 1561 isaac.
412 1511 477 1569 Quid
488 1511 601 1571 estquod
611 1513 646 1559 ait
657 1526 663 1558 :
688 1511 755 1571 ligna
766 1512 889 1571 concidit,
900 1514 927 1559 et
943 1513 1061 1573 obsequia
1076 1512 1172 1573 malon
1180 1512 1220 1563 vi·

136 1584 208 1643 Quem
219 1583 319 1630 dilexisti
327 1596 335 1627 .·
343 1581 370 1627 et
380 1592 429 1627 non
440 1579 515 1638 dixit,
525 1593 599 1639 quem
610 1581 665 1628 dili·
689 1580 756 1628 riuus
767 1581 818 1629 suis
826 1593 875 1628 non
884 1581 1026 1629 intermisit.

134 1649 188 1710 gisi
198 1652 327 1698 Possumus
341 1649 441 1710 quidem
452 1650 488 1697 uti
499 1648 530 1696 ad
542 1648 666 1697 detensio-
719 1649 756 1697 69.
770 1652 840 1697 Venit
856 1652 934 1697 aretem
945 1650 975 1695 nd
986 1650 1062 1698 locnm
1077 1664 1147 1711 quem
1157 1652 1218 1700 dell

135 1730 193 1765 nem
212 1719 342 1778 Scripturas
363 1717 538 1764 consuetudine
559 1717 664 1777 divine,
688 1718 722 1764 iili
733 1720 854 1776 Dens,die
863 1720 940 1765 tertio.
952 1718 1047 1766 Etcum
1059 1717 1219 1779 duobustpss

135 1788 193 1847 quia
208 1788 359 1847 praeteritum
374 1788 519 1846 plerumque
534 1786 605 1846 ponit
621 1800 665 1847 pro
689 1787 776 1835 tertius
792 1787 954 1849 proficiscitur
965 1819 972 1844 ‚
985 1787 1091 1835 hostiam
1101 1798 1219 1835 suorum

135 1857 247 1904 venturIs
265 1856 307 1902 vel
325 1855 495 1917 presentibus,
506 1856 535 1902 ut
549 1856 575 1902 in
587 1858 665 1903 Evau-
689 1867 745 1902 cum
756 1857 860 1913 ducens,
871 1858 897 1903 et
908 1856 948 1903 dle
959 1856 1032 1904 tertio
1044 1856 1076 1903 ud
1087 1856 1170 1905 iocum
1179 1866 1218 1903 n·

135 1925 200 1986 pelio
212 1925 355 1973 habessliic
370 1928 403 1972 cst
412 1925 473 1983 filins
487 1938 551 1972 mein
567 1926 666 1973 dilectis·
690 1923 775 1971 critieii
793 1924 872 1971 venit.
890 1924 1006 1971 Salutaris
1023 1924 1066 1971 hic
1081 1935 1217 1983 nummus,

135 1995 221 2050 mmsis,
237 1995 262 2040 in
282 2006 328 2052 qno
349 1993 489 2052 consplocni,·
502 2004 557 2038 cum
579 1992 664 2051 ulique
689 1992 715 2039 et
734 1994 882 2040 conveniens
900 1992 1081 2041 sacrificaturis.
1103 1992 1216 2053 maique

136 2073 233 2120 sempor
252 2061 279 2107 in
297 2060 358 2107 l'ilio
380 2060 476 2118 placeat
494 2060 574 2106 Pater.
590 2061 619 2106 et
639 2060 665 2106 in
689 2060 714 2107 et
723 2060 749 2107 in
758 2060 934 2120 posterioribus
944 2062 1038 2119 lloyses
1048 2059 1111 2109 dicit
1120 2060 1217 2109 editiu-

135 2130 229 2176 Psalmo
245 2129 321 2175 habes
334 2142 340 2173 ι
351 2130 419 2176 Discit
433 2130 547 2175 Dominam
564 2131 665 2176 Domino
688 2141 787 2176 raonem
798 2141 881 2189 regem
888 2130 999 2189 egypti:
1010 2130 1081 2177 Viam
1089 2130 1216 2177 trientis

135 2210 202 2255 meo,
213 2198 387 2244 sedendeetn's
405 2198 475 2255 meis‚·
491 2208 547 2242 cum
568 2206 665 2256 semper
689 2210 742 2243 snm
759 2197 862 2255 ibimus,
880 2200 901 2245 et
921 2196 1096 2246 immolabimus
1115 2198 1216 2246 mnino

135 2264 229 2314 sedeat.
245 2261 373 2313 Possumus
388 2264 470 2311 tamen
486 2265 511 2312 et
527 2265 665 2312 amantissi-
689 2267 736 2313 Deo
752 2270 844 2323 nostro,
863 2267 922 2314 sient
936 2268 996 2313 dixit
1013 2265 1090 2313 notis.
1109 2265 1214 2313 Btrscto

118 2375 120 2379 ,
134 2348 202 2383 mum
223 2334 254 2381 ad
274 2346 381 2394 presens
401 2333 527 2393 accipere,
547 2335 572 2382 et
590 2347 664 2394 quem
690 2335 761 2382 tertio
775 2335 816 2383 die
828 2334 967 2383 celebratur
980 2332 1110 2382 anninus
1122 2332 1213 2383 nerii·

135 2403 243 2453 dilexisti
260 2404 291 2451 nd
308 2403 348 2463 id,
358 2405 387 2450 ut
397 2414 446 2449 non
455 2403 550 2451 receuti
561 2403 664 2463 quodam
688 2404 762 2452 cium.

134 2473 242 2533 impulsu
253 2472 355 2531 amoris3
366 2472 410 2519 sed
421 2472 506 2519 inolito
517 2472 560 2518 diu
571 2474 596 2519 et
607 2485 665 2532 pro-
718 2473 756 2520 ⁷0.
768 2475 800 2520 lit
808 2476 932 2535 respiciens
944 2472 1067 2521 Atratum
1077 2473 1151 2523 mm
1159 2472 1214 2523 stre

133 2541 191 2590 bato
202 2553 283 2589 amore
300 2540 448 2600 signiticaret
458 2540 663 2597 dilectum.Quod
687 2541 763 2587 tocnm
782 2546 801 2589 α’
818 2542 891 2601 tonse.
911 2541 1022 2588 Sollicite
1041 2539 1155 2600 explorat
1172 2538 1213 2600 qu

134 2611 201 2658 enlm
223 2610 253 2657 ad
274 2612 371 2668 tempus
389 2610 500 2666 augetur,
515 2607 546 2654 ad
568 2607 664 2666 tempus
688 2608 1214 2669 properatlmplere.Quamvisscnllcmrla-

134 2677 281 2725 resolvitur:
293 2677 358 2737 quod
368 2678 451 2722 nutem
463 2676 506 2722 diu
514 2677 556 2722 aut
567 2688 664 2733 semper
688 2674 728 2721 dio
737 2678 858 2724 celeraret
866 2677 976 2736 gradum,
986 2678 1069 2722 tamen
1080 2676 1213 2723 hocsem

133 2746 298 2807 placuit‚eito
313 2745 406 2791 aboleri
421 2756 468 2790 non
486 2745 574 2802 potest.
582 2744 664 2790 Potest
687 2745 775 2802 putans
794 2745 949 2805 precedebat
969 2745 1047 2790 oculis
1067 2756 1075 2790 ε
1099 2744 1213 2805 sigebert

135 2816 161 2862 ct
173 2812 430 2860 illudnonubsurdum
442 2811 663 2871 sideri‚quiu1no
686 2810 836 2870 singulorum
857 2813 937 2860 oliicia
955 2812 1138 2870 membrorum,
1156 2811 1212 2861 licet

134 2883 223 2929 rituros
242 2882 297 2940 plus
314 2879 447 2937 diligimus.
458 2880 508 2925 lloc
528 2880 662 2939 est,quem
686 2881 773 2927 senilia
794 2882 903 2928 rnemhrs
923 2894 972 2928 non
994 2882 1095 2940 possent
1120 2880 1211 2943 rigere.

133 2951 191 2997 ante
208 2947 412 3006 dilexistisquasi
421 2949 472 3006 jam
483 2948 568 3007 diligat
578 2949 662 2996 immo·
686 2949 753 2996 Solet
768 2950 881 2997 hebetari
896 2950 963 2997 visus
980 2961 1084 3007 senum,
1100 2948 1212 2997 ussum

133 3018 242 3065 tandum.
251 3018 298 3064 llec
307 3017 383 3063 otiose
390 3016 483 3064 addidit
491 3029 578 3064 nomen
585 3021 660 3065 sancii
686 3020 822 3080 propinqua
836 3032 884 3066 non
900 3020 971 3067 iscile
988 3017 1153 3077 conspiciunt.
1168 3016 1212 3065 liis

133 3087 269 3146 issac,lnoc
280 3086 329 3144 est,
338 3097 394 3132 eum
407 3098 481 3145 quem
491 3087 621 3145 suscepisti
631 3088 661 3135 de
685 3101 733 3135 uon
744 3090 822 3135 solum
832 3087 1135 3146 viditlocum,sedetium
1143 3088 1212 3149 longo

132 3167 209 3204 uxore
228 3155 344 3212 unicum,
370 3153 498 3213 suscepisti
521 3154 547 3200 lu
578 3168 661 3203 senec·
686 3155 911 3216 positusudspexit.

132 3223 335 3285 tute‚suscepisti
344 3224 466 3283 tamqnam
478 3222 534 3270 iidei
544 3223 592 3271 tuae
600 3237 662 3282 pne-
716 3227 741 3272 71
749 3260 754 3272 .
763 3227 810 3273 lice
819 3226 941 3274 dubitavit
949 3225 1051 3285 vidisse,
1059 3225 1104 3273 sed
1113 3225 1212 3286 stipas·

130 3296 223 3353 mium,
243 3294 467 3342 remunerationem
487 3306 588 3352 operum
606 3296 661 3341 tuo-
685 3294 981 3341 rissniszsenelenicmm
990 3296 1212 3355 miserescentem

131 3363 335 3424 rum‚suscepisti
343 3376 373 3410 ex
381 3362 540 3423 promissione
549 3362 661 3423 liei,non
685 3366 706 3410 et
723 3378 781 3423 puer
796 3364 989 3423 pertransibimus
1007 3376 1080 3423 nsque
1101 3364 1212 3423 itincsct

131 3433 240 3492 conjugis
263 3432 439 3490 ioecunditate,
460 3444 493 3478 ex
516 3442 563 3491 qua
585 3433 660 3479 alium
685 3446 737 3478 enin
752 3433 944 3490 adoraverimus,
959 3436 1102 3479 revertemur
1117 3434 1150 3479 ad
1164 3444 1211 3481 eor.

131 3513 229 3560 sperare
238 3501 321 3559 possis.
328 3503 412 3558 Otreres
419 3501 477 3548 milii
485 3501 660 3548 liolocnmtum:
684 3501 769 3547 lleritn
782 3504 855 3561 typus
872 3502 898 3547 iu
913 3501 995 3557 asina,
1006 3500 1065 3559 quis
1082 3504 1108 3548 et
1122 3501 1214 3549 verita

131 3569 175 3617 sed
196 3568 265 3626 prius
284 3568 346 3615 vade
368 3569 394 3615 in
414 3570 505 3616 terram
526 3569 659 3615 excelsum.
686 3568 789 3627 inpullo
803 3569 885 3616 asinas.
904 3570 930 3615 ln
946 3568 1071 3615 hocenim
1087 3564 1214 3617 animante

131 3635 296 3695 interponitur
320 3636 438 3696 spatium,
459 3650 490 3684 ne
511 3637 659 3696 praecipitari
684 3635 1214 3697 figuraturpopulusgentilium,snteouert

131 3703 331 3751 subitovideatur
340 3705 450 3762 adortum
458 3706 485 3752 ut
493 3706 533 3751 illa
543 3706 659 3752 dilatione
684 3706 822 3765 subiectus,
833 3720 899 3753 nuuc
910 3706 1005 3753 Christo
1014 3705 1139 3754 subditus.
1149 3706 1215 3755 isne

132 3773 232 3831 obrepat
247 3773 445 3833 memineratis,
457 3775 605 3822 desiderium
616 3788 659 3835 pa·
684 3788 741 3834 ergo
751 3775 839 3822 christi
850 3774 943 3834 passuri
959 3776 996 3821 est
1006 3774 1090 3833 typus.
1103 3774 1178 3821 Venit
1188 3773 1216 3823 tn

131 3840 184 3887 tris.
197 3840 291 3897 Adiecit
302 3855 308 3886 ε
320 3845 349 3888 ln
360 3856 406 3887 sino
419 3847 530 3890 montium
542 3859 610 3905 quiem
619 3845 661 3892 titi
683 3844 750 3891 asina
761 3878 769 3903 ,
780 3845 808 3891 ut
818 3843 956 3890 crediturus
967 3843 1073 3902 populus
1084 3842 1214 3891 nationum

130 3912 220 3958 dixero.
233 3911 262 3956 Et
272 3910 312 3956 hic
322 3910 446 3969 similiter,
455 3912 483 3958 ut
491 3913 549 3959 dum
560 3914 660 3961 adscen-
683 3913 868 3972 significaretur.
879 3912 985 3971 ideoque
993 3912 1019 3958 et
1027 3906 1150 3958 Dominus
1158 3922 1217 3959 culn

130 3979 202 4026 deret
228 3991 318 4038 senex,
340 3979 513 4039 infringeretur
538 3983 658 4043 impetus,
684 3979 1217 4040 sdsubeundnmpmnobispassionemve·

130 4047 590 4110 lassaretdextem‚deiiceretintenlio:
600 4052 658 4101 dum
683 4051 762 4113 niret,
772 4051 868 4114 pullum
883 4051 956 4101 asinos
970 4050 1058 4111 solvit,
1072 4062 1150 4112 quem
1161 4051 1217 4113 ipso
