2714 4794
144 381 191 433 ³38
526 387 653 435 sanent
671 384 845 434 AMBROSH

144 468 289 528 nectuntur3
304 480 333 517 eo
343 466 408 530 qnod
423 466 596 529 predicatione
613 481 671 531 pro·
695 469 802 530 Ideoque
816 465 1032 529 praelipurabantnr
1043 467 1069 515 iu
1081 458 1228 527 patriarchii

144 538 198 599 pria
209 539 332 599 tamquam
350 538 454 598 spiritaii
467 538 548 586 resina
559 539 626 587 vivos
637 538 671 585 la·
695 539 780 598 quales
799 539 881 587 essent
901 536 988 584 iuturi.
1007 536 1180 585 invitabantur
1197 537 1229 585 ad

144 608 214 668 pidcs
225 607 301 656 etiam
312 608 364 668 ipse
384 608 561 655 connecteret:
573 609 671 667 portans
695 605 848 666 gratiam‚ad
857 606 970 654 salutaris
977 616 1068 653 mensae
1077 607 1230 654 vocabantur

144 677 220 724 eliam
231 678 294 733 mel,
304 688 352 735 qno
362 676 436 723 noxia
446 675 556 722 vulneris
567 676 672 723 interius
696 676 850 734 convivium
867 678 892 723 et
908 675 1054 723 calumniam
1070 673 1120 722 sibi
1130 676 1229 736 parari,

145 745 285 792 exeduntur
293 744 346 791 sine
353 744 434 804 aliqua
442 743 576 792 acerbitate
584 744 671 790 sectio·
696 744 797 791 insidias
812 744 865 791 lieri
878 743 1072 803 suspicabantur.

144 814 192 860 nis.
210 813 275 861 'i'aiis
294 813 361 860 enim
379 812 447 859 Pauli
466 812 626 872 praedicatio,
644 813 671 858 ut
726 811 1227 872 l8.Etcoeperunladbominem,quierat

143 884 242 942 putrem
258 881 367 929 aboleret
376 881 502 940 ellectum,
519 882 671 941 corruptum·
696 896 769 944 supra
780 883 893 940 domum,
905 881 931 927 in
945 881 1020 939 ianua
1032 880 1119 928 domus
1129 893 1228 930 cansam

143 963 192 1010 quc
204 949 334 998 evacuaret
353 949 481 997 humorem
499 949 671 1009 disputationis
696 965 764 998 suam
781 963 853 1011 agere
870 950 943 997 velle.
960 949 1046 996 adhuc
1061 949 1179 996 dubitant
1189 950 1227 997 in-

144 1032 194 1067 suae
209 1020 309 1078 aculeo,
320 1030 393 1066 urere
408 1018 485 1078 magis
502 1031 571 1077 apra
581 1019 672 1064 mentis
696 1021 787 1078 troire,
799 1021 824 1067 et
834 1031 867 1066 ex
878 1018 995 1078 operibus
1010 1018 1060 1064 suis
1070 1018 1227 1076 malunljus·

143 1088 238 1136 viscera
254 1088 371 1148 cupiens,
388 1099 460 1147 quam
469 1099 569 1134 secare.
584 1088 671 1132 lucen·
696 1088 798 1146 tificari,
817 1085 861 1148 qui
879 1098 976 1133 causam
993 1096 1062 1133 suam
1082 1086 1169 1133 volunt
1185 1085 1226 1133 ιὰ·

143 1157 347 1217 numerationis,
366 1159 392 1205 ct
409 1156 514 1216 casiam,
530 1157 560 1220 et
577 1157 670 1215 puttam
695 1155 1226 1217 struere‚quamgratinmaccipcrc3etidca

142 1226 275 1287 sepulturae
286 1225 393 1286 insignia
403 1237 456 1272 esso
465 1225 544 1272 David
553 1224 669 1284 propheta
695 1226 721 1272 in
732 1226 808 1284 portis
816 1223 1005 1283 redarguuntur.
1011 1224 1057 1280 Qui
1066 1224 1152 1269 autem
1159 1222 1225 1272 irno-

142 1307 187 1343 nos
198 1295 282 1343 docuit
298 1295 382 1342 dicens
393 1310 400 1341 ι
412 1294 511 1353 nynia
530 1296 552 1341 el
567 1295 632 1354 pullu
649 1294 670 1339 el
695 1297 747 1341 lum
758 1294 824 1340 uteri
839 1293 967 1352 virginatis
983 1292 1128 1352 exspectat,
1138 1293 1227 1341 etbe-

141 1366 230 1413 cusioo
239 1365 380 1412 centunculis
391 1365 444 1410 luis.
453 1362 601 1409 Venilenim
609 1362 671 1407 Pau·
694 1363 826 1411 ruditatem
842 1362 957 1419 nomini,
972 1360 1017 1407 titii
1028 1372 1137 1409 mercem
1151 1373 1224 1423 nego·

140 1432 183 1480 lus
199 1444 299 1480 crucem
310 1429 408 1477 Domini
424 1429 576 1491 predicare,
587 1428 670 1474 ilicem
695 1432 784 1490 tiator,
796 1443 846 1478 non
860 1430 988 1477 erubescet
1004 1430 1030 1476 in
1040 1431 1110 1489 porta
1122 1440 1129 1475 a
1145 1430 1188 1477 sed
1197 1429 1223 1480 in

142 1513 241 1565 semper
261 1501 406 1558 virentem,
427 1500 453 1546 et
472 1510 548 1545 nuces
567 1509 669 1558 quarum
696 1501 767 1547 exitu
777 1500 835 1547 vitas
846 1499 1028 1558 buiusrepeiiit
1038 1497 1180 1559 inimicum
1190 1511 1223 1548 no

141 1571 205 1619 testa
215 1569 314 1628 durior,
327 1567 421 1615 tructus
430 1566 539 1615 tenerior
550 1580 558 1612 z
570 1566 669 1615 merito·
694 1570 725 1617 ad
743 1570 829 1616 altiora
850 1568 991 1629 properanti
1013 1568 1125 1616 consciens
1146 1569 1226 1632 eulpa

142 1651 192 1700 que
204 1638 271 1697 virga
279 1636 437 1684 sacerdotalis
444 1637 523 1682 Aaron
533 1635 622 1681 nucina
629 1667 636 1693 ,
644 1637 670 1682 et
694 1638 812 1698 gravioris
822 1638 932 1686 obsistat.

141 1706 276 1756 Hieremiae
294 1705 396 1752 baculus
413 1703 563 1761 hujusmodi.
577 1705 670 1764 Argen-
722 1704 761 1753 tu.
773 1707 842 1754 Unde
853 1707 955 1767 mystice
970 1707 1020 1755 iltis
1035 1707 1163 1766 respondit
1172 1720 1226 1757 mv

140 1778 195 1825 tum
206 1787 302 1836 qnoque
313 1774 421 1834 duplex,
432 1785 481 1820 non
492 1773 568 1820 otiosa
582 1785 669 1819 mune-
691 1773 731 1832 jor
741 1774 835 1823 domus.
847 1777 876 1821 Et
887 1775 908 1823 is
922 1775 965 1834 qui
976 1775 1012 1822 sit
1022 1776 1151 1836 intellige,
1166 1788 1220 1824 cum

140 1857 230 1894 raesse
241 1842 296 1905 quis
307 1841 668 1901 dubitel;cumeti‘atriarchae
693 1844 782 1900 tegeris
799 1843 896 1902 Moysen
915 1843 1012 1889 tidelem
1033 1843 1061 1890 in
1081 1845 1132 1891 tota
1150 1845 1224 1892 domo

140 1913 208 1971 vila,
218 1913 245 1959 et
254 1911 361 1971 Apostoli
369 1922 449 1958 sermo
457 1922 555 1969 semper
562 1910 669 1957 virescat
693 1911 755 1969 ejus.
764 1912 866 1970 iiajorcs
874 1912 940 1959 enim
948 1912 1048 1971 domus,
1056 1913 1165 1974 Moyses,
1175 1915 1222 1963 Pa*

141 1984 168 2029 in
179 1981 319 2042 pectoribus
329 1981 493 2040 singulorum,
506 1980 531 2026 et
542 1978 667 2038 eloquium
684 1982 759 2038 lms,
770 1984 795 2029 et
810 1982 914 2039 Paulus,
926 1983 951 2028 et
962 1979 1044 2028 caleri
1055 1983 1135 2031 sancti
1145 1984 1219 2032 santa

140 2053 292 2112 sanctorum,
310 2050 375 2099 sicut
394 2051 519 2110 argentum
536 2049 593 2107 ipae
609 2059 667 2095 exa·
691 2050 886 2097 cliristusautem
897 2051 1135 2100 soluscstdominna.
1142 2052 1220 2114 Scrip-

139 2122 282 2179 minalum,
303 2118 423 2180 praecepli
446 2117 551 2166 salubris
572 2118 666 2177 inignrc
692 2121 743 2165 tum
765 2119 802 2166 est
818 2131 824 2164 ε
842 2120 899 2178 quia
919 2120 1012 2179 Moyses
1028 2119 1109 2167 tidelis
1128 2121 1154 2169 in
1169 2122 1218 2170 tola

138 2186 311 2250 resplendenti
327 2189 374 2234 Nec
390 2187 513 2234 immerito
524 2186 616 2245 duplex
627 2199 664 2231 ar·
691 2187 761 2234 domo
776 2186 829 2245 ejus
845 2189 967 2248 tamquam
987 2186 1094 2236 tamaius
1109 2189 1136 2237 in
1152 2189 1220 2238 testi·

138 2262 240 2320 peratum
250 2256 362 2304 reierunt
372 2256 398 2303 in
409 2255 497 2316 qulbus
507 2255 575 2301 Pauli
587 2253 666 2314 prati·
691 2255 800 2302 monium
809 2267 952 2315 eorumquae
960 2255 1025 2301 dicta
1037 2257 1217 2306 essenlzcbrio·

138 2327 271 2387 parabatur
295 2325 415 2374 adrentus
428 2356 436 2383 ,
460 2323 503 2384 qui
528 2323 665 2371 laborantes
690 2325 821 2372 tusauteru
832 2325 954 2384 tamquam
964 2323 1029 2371 fitius
1039 2324 1066 2370 in
1079 2325 1152 2374 dorna
1161 2338 1217 2386 aaa,

136 2397 294 2458 presbyteros
317 2395 344 2441 in
363 2394 439 2442 verbo
459 2394 533 2453 alque
555 2391 665 2439 doctrina
689 2406 745 2454 quae
756 2393 893 2440 domusnos
904 2394 1031 2452 sumus‚si
1042 2393 1215 2445 libertatamct

137 2465 230 2527 duplici
241 2466 333 2512 honore
343 2463 459 2511 donabat.
688 2462 791 2522 gloriam
800 2463 852 2522 spei
864 2462 1023 2510 tenuerimus.
1038 2488 1046 2495 .

167 2533 206 2582 tt.
220 2536 284 2584 Vidit
294 2535 371 2580 colem
382 2532 432 2579 iilos
441 2531 537 2591 loseph,
548 2533 570 2578 el
577 2531 664 2589 Benia-
719 2531 758 2579 50.
771 2531 816 2577 iiic
827 2544 884 2591 erpo
903 2531 981 2589 maior
991 2530 1078 2580 domus
1092 2532 1216 2594 respondit

136 2606 187 2652 utin
196 2605 294 2662 fratrem
304 2613 372 2648 suum
384 2614 414 2645 rc
425 2601 504 2646 eudem
514 2603 597 2646 melre.
610 2601 663 2644 lam
689 2600 738 2646 iilis
751 2613 758 2645 ε
772 2602 890 2660 Propitius
902 2602 931 2648 sil
943 2600 1006 2648 vobis
1019 2604 1082 2649 nem
1088 2634 1097 2660 ,
1108 2605 1178 2651 nolite
1187 2605 1215 2651 ti·

137 2672 254 2721 videntur
261 2668 373 2726 idebraei,
383 2668 408 2714 ct
419 2667 534 2727 videnlur
545 2679 558 2711 a
568 2667 662 2712 Christo
688 2682 765 2727 mcv·c;
776 2671 838 2716 Deris
849 2671 910 2715 euim
921 2672 1008 2726 vester,
1018 2672 1040 2716 el
1051 2672 1213 2732 Dnupulm

136 2742 180 2801 qui
201 2751 275 2787 verus
297 2737 388 2796 loseph
409 2738 464 2794 est,
490 2736 586 2795 quando
607 2748 662 2782 cum
688 2737 1213 2788 oestroremdedllooolstliesauroeinenerv-

135 2809 205 2857 Pauii
226 2806 330 2855 veniunt
347 2808 406 2864 typo
423 2818 430 2850 τ
447 2806 472 2851 ct
490 2803 597 2862 loquitur
614 2805 663 2850 illis
688 2807 979 2867 lisoeslniscalurpcnlum
990 2810 1093 2855 venirem
1102 2810 1211 2869 mn,

135 2872 662 2934 mitiaatquemansuela,utparitercibum
687 2877 804 2934 occeptum
825 2876 906 2923 liabeo.
929 2877 967 2921 iili
988 2877 1055 2922 enim
1077 2877 1211 2927 dixerante

135 2945 241 2993 sumant.
256 2942 333 3001 Supra
346 2943 427 2989 antem
443 2941 500 2999 quia
511 2941 564 2987 sine
575 2941 662 2998 Benja-
686 2947 1211 3006 Arpeulumuulescuyusqnciusoccieta’cnorlrtc

134 3014 188 3061 min
196 3011 333 3069 venerunt,
342 3009 490 3068 agnoscebat
497 3008 597 3068 quidem
607 3022 661 3057 eos:
686 3017 826 3073 invenimus,
835 3018 865 3062 cd
874 3018 963 3076 pondus
974 3019 1099 3074 arpentum
1110 3021 1215 3067 nostran

134 3082 177 3130 aed
185 3081 215 3128 ab
222 3080 260 3127 bis
269 3092 295 3128 se
303 3079 604 3138 avertebat,utscriptum
611 3083 660 3126 est:
677 3085 814 3131 ¹retulimus.
830 3085 849 3130 0
864 3096 950 3144 magna
968 3085 1101 3145 mysteria,
1117 3087 1144 3134 et
1159 3088 1211 3134 cri·

135 3155 168 3200 nt
185 3150 321 3212 loquebatur
338 3149 374 3197 luis
389 3151 463 3205 duro,
478 3148 535 3207 quia
550 3149 597 3208 ipsi
613 3161 661 3195 non
686 3151 774 3198 denter
789 3153 915 3211 expressa!
932 3152 982 3199 Hoc
999 3153 1037 3199 est
1053 3153 1138 3202 dicere
1149 3169 1156 3202 ε
1167 3157 1211 3204 cnr

134 3219 659 3281 agrioscebanteum,aquoagnoscebantnr.
687 3217 824 3265 initamini?
843 3221 890 3266 Cur
911 3223 1038 3279 argentum
1060 3234 1104 3269 ros
1122 3224 1209 3272 namra

132 3291 202 3339 Pauli
214 3289 288 3348 igitur
303 3288 391 3335 merito
406 3287 576 3348 proiecerunt,
587 3300 659 3347 quem
686 3292 794 3336 vestrum
811 3290 837 3336 in
853 3291 955 3337 sacculis
971 3291 1061 3350 saepius
1076 3290 1213 3354 usurpatis?

132 3357 249 3406 bonitum
263 3357 333 3404 lesus
344 3356 467 3416 tamquam
480 3354 603 3413 iuniorem
614 3355 661 3402 ira·
685 3357 747 3414 Quid
757 3358 823 3404 enim
833 3359 1058 3419 habetisqundnon
1068 3359 1210 3422 accepistisi

131 3429 196 3475 trem
213 3439 245 3472 ex
260 3425 345 3472 eadem
360 3426 438 3472 matre
454 3425 596 3483 generatum
608 3437 659 3471 arn·
685 3426 709 3472 Si
721 3429 802 3472 autern
819 3428 964 3486 accepistis,
981 3430 1042 3488 quid
1057 3430 1209 3488 gloriamini,

132 3495 301 3556 plinscaetcris
309 3493 557 3551 iratribusdiligebat.
569 3495 660 3539 Adver-
685 3496 753 3554 quasi
771 3509 819 3542 non
826 3495 987 3555 acceperitis?
997 3498 1050 3544 lam
1062 3501 1164 3548 saturati
1173 3512 1208 3547 ca-

132 3560 349 3618 tantludaeiqoem
358 3561 658 3620 nominurnnegaverunl,
684 3563 729 3620 tis,
745 3564 833 3611 divites
850 3565 906 3611 iacti
925 3567 999 3624 estis,
1013 3568 1073 3625 quia
1084 3571 1207 3628 argaman

132 3628 404 3690 quintumdecimum
412 3642 444 3675 cx
451 3642 569 3689 synagoga
576 3631 657 3675 tanuen
684 3632 775 3679 habere
786 3646 828 3680 vos
844 3634 943 3681 credilis
955 3648 961 3680 ε
974 3636 1017 3683 scd
1028 3640 1158 3696 argentum
1168 3649 1208 3684 rn-

132 3699 344 3755 eorurntamquam
353 3709 384 3742 ex
391 3698 548 3744 eademortus
556 3701 657 3756 parente
683 3700 721 3745 bis
732 3702 797 3748 Deus
816 3704 911 3761 patrum
923 3703 1062 3751 vestrorum
1077 3705 1206 3755 dedititia

132 3769 187 3829 pius
198 3777 240 3812 eos
249 3764 344 3824 diligit,
361 3764 381 3809 si
395 3765 500 3811 velsero
511 3769 657 3824 cognoscant
682 3767 844 3827 Deusvesler,
852 3770 1205 3831 iliepatrumvestrornmbeu

131 3848 181 3885 suae
197 3832 282 3880 salutis
297 3833 429 3880 auctorem.
444 3833 492 3880 Sed
503 3835 655 3894 propriorum
682 3840 731 3895 est,
750 3850 823 3897 quem
839 3840 953 3898 negastis.
969 3839 1016 3885 sed
1032 3841 1152 3901 ignoscit,
1165 3838 1208 3889 scd

131 3903 223 3953 conscii
242 3901 400 3960 delictorum,
415 3914 464 3948 non
483 3903 585 3950 credunt
603 3903 657 3951 tan-
682 3905 804 3963 indulget,
826 3905 869 3953 sed
889 3906 979 3967 recipit
996 3908 1016 3954 si
1036 3908 1204 3958 revertamini·

129 3979 181 4021 mm
202 3970 291 4020 christi
311 3982 364 4018 esse
388 3970 601 4030 misericordiam,
628 3975 656 4020 ut
680 3974 734 4032 lpse
744 3976 781 4020 est
791 3974 833 4033 qui
846 3977 953 4022 vestrum
964 3988 1012 4022 nou
1022 3977 1112 4037 quaerit
1121 3985 1204 4038 arpen-

131 4042 204 4092 lonet
226 4041 372 4099 nocentum,
397 4040 507 4089 remittat
528 4040 654 4101 injuriam.
680 4042 732 4090 tum
741 4075 748 4102 ,
765 4054 835 4090 suurn
850 4043 931 4090 donat.
943 4043 996 4103 lpse
1008 4045 1078 4092 vobis
1091 4046 1206 4095 deditar-
