2676 4800
139 330 170 376 Vl
515 329 634 375 alacri
651 327 809 374 amnnostt

134 409 185 463 bus
201 407 398 473 mentirentur3
416 407 500 479 atque
518 409 557 462 lta
577 409 611 461 ab
625 409 686 472 illo,
698 407 770 461 sicut
782 407 811 460 et
823 419 838 459 a
850 403 1017 474 martyribus
1036 417 1066 459 se
1084 402 1211 473 torqueri

133 483 266 560 dicerent.
283 485 336 542 Sed
352 486 404 540 hoc
418 486 532 541 ludaico
546 501 594 541 ore
609 487 793 556 loquebantur
810 484 935 547 Arriani,
954 496 1086 550 suppares
1103 483 1209 537 scilieet

132 577 229 619 corum
236 580 244 629 ;
257 563 297 618 illi
313 564 388 620 anim
399 563 434 620 de
447 565 563 620 Domino
573 565 717 629 dicebant,
729 562 860 632 quoniam
871 562 903 614 ia
914 558 1067 614 Beelzebub
1076 562 1208 628 principe

133 636 346 698 demorsiorum
356 643 434 712 ejicit
446 637 591 697 &monia
604 658 613 697 .·
626 642 670 696 isti
686 642 720 696 do
736 640 920 709 martyribus,
933 638 977 692 vel
992 637 1026 692 de
1038 638 1145 691 bomini
1157 641 1210 692 Sa-
1264 690 1268 699 ,

132 721 243 776 cerdote
254 722 454 792 loquebantur,
470 721 544 791 quud
560 736 614 775 non
624 722 675 776 Dei
687 720 792 790 gratia,
808 733 870 789 quae
882 732 932 787 per
945 717 1016 785 ipsos
1027 717 1207 785 operabatur,

131 796 266 855 immundi
281 800 393 869 spiritus
410 801 596 869 pellerentur;
609 799 658 854 sed
669 802 782 867 accepta
793 797 912 866 pecunia
923 810 953 850 se
966 795 1089 865 torqueri
1104 796 1208 849 menti-

131 880 238 932 rentur.
251 880 411 933 Clamabant
420 879 495 933 enim
505 880 642 933 daemones
656 892 662 931 :
676 899 691 925 «
701 877 864 931 Scimusvos
873 879 1022 943 martyres3
1036 895 1051 920 a
1060 875 1088 927 et
1098 875 1208 928 Arriani

131 953 278 1011 dicebant:
289 978 303 1004 «
314 958 455 1012 Nescimus
464 973 523 1012 esse
533 961 676 1026 martyres.
688 976 703 1004 »
714 959 774 1009 tam
786 955 837 1009 hoc
847 955 912 1009 etin
922 953 1066 1022 Evangelio
1075 952 1208 1021 legimus,

131 1032 180 1086 ubi
191 1033 321 1090 dixerunt
332 1035 469 1092 daemones
487 1036 521 1090 ad
536 1037 685 1089 Dominum
700 1038 793 1089 lesum
810 1048 817 1086 ε
835 1034 946 1088 Scimus
965 1036 1006 1095 te,
1020 1032 1090 1100 quia
1105 1033 1145 1085 sis
1155 1031 1209 1086 Det

52 1175 58 1184 ἢ
130 1113 239 1177 litium
251 1118 278 1169 et
287 1115 374 1170 luilcui
383 1116 512 1171 (licebant
526 1131 533 1169 :
547 1117 598 1170 liic
611 1119 710 1169 autera
721 1109 797 1168 aram
806 1115 861 1176 stt,
872 1113 1025 1167 nescimus.
1037 1110 1090 1166 Sed
1100 1125 1153 1164 non
1163 1112 1209 1165 lrie

131 1192 319 1248 testimonium
332 1195 469 1263 accipitur
481 1195 651 1258 daemonum,
664 1193 713 1247 sed
729 1191 875 1256 consessio;
892 1190 965 1246 unde
983 1191 1139 1246 miseriores
1152 1191 1209 1244 rir-

129 1269 201 1324 riani
211 1273 254 1326 vel
265 1272 366 1336 iudai,
381 1277 411 1327 ut
422 1275 496 1343 quod
506 1272 672 1327 cantitentur
681 1273 831 1336 daemones,
844 1271 883 1324 illi
893 1274 1005 1339 negent.

166 1351 207 1403 16.
220 1353 293 1404 Deus
303 1353 395 1404 tamen
407 1354 455 1422 qui
467 1353 585 1421 gratiam
596 1352 723 1405 Ecclesiae
732 1366 789 1404 suae
799 1364 902 1418 augere
912 1348 1068 1413 consuevit,
1080 1364 1134 1402 non
1146 1363 1209 1417 pas-

129 1439 178 1482 sus
189 1428 232 1481 est
240 1427 289 1481 diu
300 1428 427 1482 insultari
439 1445 455 1482 a
465 1428 577 1497 perlldis
588 1429 692 1482 sanctis
702 1428 768 1480 suis.
781 1431 856 1481 Unus
868 1428 961 1496 itaque
971 1442 1004 1481 en
1015 1428 1072 1495 ipsa
1082 1429 1211 1483 multitu·
1231 1472 1233 1478 .

129 1506 195 1561 dine
204 1507 294 1562 subito
303 1508 532 1577 arreptusaspiri
539 1510 569 1561 tu
578 1504 863 1569 immundo,clamare
871 1506 956 1574 coepit
966 1506 1004 1559 ita
1014 1506 1136 1575 torqueri
1145 1521 1206 1572 eoa,

130 1589 163 1640 ut
175 1585 233 1654 ipse
251 1587 447 1657 torquebatur,
462 1587 512 1657 qui
528 1588 662 1654 negarent
676 1586 826 1651 martyreS,
840 1585 882 1637 vel
895 1583 944 1652 qui
956 1598 1009 1637 non
1022 1583 1166 1638 crederent
1178 1585 1208 1638 in

130 1664 271 1719 Trinitatis
285 1665 434 1730 unitatem,
447 1678 531 1735 quam
545 1663 626 1719 docet¹
644 1662 813 1716 Ambrosius.
833 1664 868 1716 nt
885 1663 924 1715 illi
942 1663 993 1717 hac
1005 1678 1072 1719 voce
1084 1662 1206 1728 contusi,

130 1744 180 1814 qui
189 1745 310 1799 oonverti
324 1745 492 1808 debuerant,
502 1746 531 1798 et
541 1743 653 1812 dignam
664 1742 712 1796 tali
725 1740 894 1796 confessione
904 1757 987 1810 agero
999 1742 1205 1812 paenitentiam,

130 1821 161 1876 in
170 1823 303 1892 piscinam
314 1824 470 1878 demersum
483 1823 622 1876 hominem
633 1822 817 1886 necaverunt,
832 1819 954 1888 perfidiae
965 1820 1145 1874 homicidium
1158 1821 1207 1875 ad-

128 1901 289 1972 jungentem
301 1901 416 1957 deduxit
429 1901 504 1956 enim
521 1901 582 1954 illos
594 1900 630 1954 ad
642 1900 718 1953 lrunc
732 1898 815 1954 linem
826 1899 908 1967 digna
922 1899 1078 1953 necessitas.
1091 1901 1210 1953 Sanctus,

130 1993 197 2035 vero
214 1981 374 2035 Anrbrosius
384 1981 529 2050 episcopus
540 1979 651 2048 majoris
663 1977 827 2032 humilitatis
839 1977 881 2030 vir
894 1976 995 2040 iactus,
1015 1976 1141 2030 donatam
1153 1977 1205 2031 sibi

130 2060 271 2112 altemino
282 2061 399 2129 gratiam
411 2058 585 2124 reservabat,
601 2057 798 2127 crescebatque
809 2054 933 2127 quotidie
945 2054 999 2110 ilde
1010 2058 1038 2111 et
1049 2069 1142 2110 amora
1156 2069 1206 2109 co-

129 2150 190 2192 ram
199 2141 258 2192 Deo
269 2137 474 2192 etlrominibus.

165 2217 206 2270 17.
217 2215 351 2270 Paridem
365 2218 473 2283 tempus
483 2217 542 2270 erat
551 2215 664 2286 quidam
676 2215 720 2270 vir
730 2214 764 2270 de
777 2214 877 2272 haeresi
889 2215 1084 2280 arrianorum,
1098 2213 1204 2269 acerri-

128 2308 192 2349 mus
203 2295 319 2348 nimium
330 2295 498 2362 disputator,
511 2298 539 2349 et
554 2296 640 2349 durus
651 2295 734 2364 atque
748 2295 963 2349 inconvertibilis
973 2295 1007 2349 ad
1019 2293 1100 2349 iidem
1112 2295 1207 2348 callio-

128 2373 219 2428 licam.
231 2377 254 2427 ls
263 2373 427 2427 constitutus
438 2373 466 2426 in
477 2373 612 2439 Ecclesia,
624 2376 760 2428 tractante
770 2375 911 2443 Episcopo,
924 2374 993 2427 vidit
1005 2372 1015 2443 (
1026 2377 1055 2427 ut
1065 2374 1122 2442 ipsc
1133 2377 1206 2441 post-

128 2451 241 2508 modum
253 2448 436 2522 loquebatur)
450 2452 586 2520 angelum
599 2452 633 2506 ad
645 2467 726 2507 aures
739 2453 862 2521 Episcopi
876 2452 1019 2507 tractantis
1032 2451 1202 2521 loquentem3

128 2529 161 2581 ut
172 2529 255 2582 verba
268 2529 364 2597 angeli
377 2529 477 2596 populo
492 2529 641 2596 Episcopus
652 2531 812 2585 renuntiare
823 2530 974 2584 videretur.
991 2530 1051 2597 Quo
1063 2529 1121 2584 viso
1134 2544 1203 2584 con-

128 2618 239 2670 versus,
251 2603 333 2660 fidem
344 2620 427 2675 quam
437 2606 627 2674 expugnabat,
638 2607 723 2675 caepit
736 2608 794 2677 ipsc
806 2608 965 2663 defendere.

163 2685 204 2738 18.
215 2684 336 2737 Fuerunt
346 2682 490 2737 etiamduo
499 2684 663 2737 cubicularii
674 2687 740 2739 tunc
753 2689 883 2756 temporis
900 2687 1020 2741 Gratiani
1032 2687 1203 2755 imperatoris

127 2761 163 2817 de
173 2760 271 2816 haeresi
281 2761 467 2825 arrianormn,
476 2760 524 2829 qui
532 2762 660 2815 tractanti
670 2764 801 2834 Episcopo
810 2767 990 2836 quaestionem
1002 2768 1200 2834 proponerent,

127 2838 163 2896 ad
172 2853 256 2912 quam
264 2838 429 2894 audiendam
437 2839 524 2893 altero
532 2839 577 2893 die
589 2840 624 2894 ad
633 2841 774 2896 basilicam
784 2844 939 2898 Portianam
948 2860 978 2899 sc
988 2843 1130 2898 adiuturos
1139 2860 1204 2913 pro-

127 2920 259 2975 miserant
267 2934 275 2984 ;
288 2917 433 2975 eratenim
445 2920 561 2989 quaestio
574 2919 608 2974 de
621 2920 809 2977 incarnatione
825 2923 944 2977 Domini.
959 2923 1012 2978 Sed
1024 2925 1077 2977 alio
1090 2924 1134 2977 die
1146 2924 1201 2977 mi-

126 2996 365 3056 serandilromines
373 2997 509 3066 superbiae
519 3001 626 3054 tumore
634 3001 778 3069 completi,
789 3017 840 3057 nec
848 3017 982 3056 memores
992 3004 1201 3069 promissorum,

127 3078 333 3135 contemnentes
344 3078 432 3130 Deum
441 3076 468 3130 in
481 3075 626 3131 Sacerdote
639 3077 741 3146 ipsius,
754 3095 805 3134 nec
817 3081 904 3149 plebis
915 3081 1099 3148 exspectantis
1112 3083 1202 3135 eonsi-

127 3158 256 3215 derantes
266 3153 410 3224 iniuriam,
419 3154 683 3210 immemoresetiam
692 3157 828 3213 dictorum
839 3158 1056 3222 Dominicorum,
1070 3162 1200 3229 quoniam

128 3237 179 3308 qut
186 3229 426 3292 scandalizaverit
436 3247 530 3288 icauna
543 3247 579 3288 aa
590 3235 719 3293 natatoria
728 3237 807 3300 istis,
818 3239 928 3305 oportet
937 3240 969 3289 ut
978 3237 1056 3290 areola
1066 3238 1199 3292 asinaria

126 3317 199 3373 cotto
205 3317 266 3385 ejas
272 3315 422 3383 alligetur,
435 3308 874 3384 etdemergaturiaprosuadam
882 3317 991 3379 maris,
1001 3316 1199 3371 adscendentes

126 3393 157 3448 in
167 3392 293 3458 rhedam,
312 3391 390 3462 quasi
402 3391 491 3461 gratia
502 3391 644 3460 gestandi,
659 3393 800 3449 civitatem
813 3393 916 3463 egressi
928 3395 1008 3459 sunt,
1021 3396 1198 3462 exspectante

125 3469 271 3527 Sacerdote
290 3472 318 3523 et
335 3470 414 3537 plebe
428 3471 456 3523 in
467 3470 586 3524 Ecclesia
605 3471 762 3525 constituta.
781 3471 833 3525 Sed
846 3471 928 3539 lruJ'ns
944 3472 1123 3525 contumaciae
1134 3473 1200 3541 quis

125 3548 188 3607 linis
198 3548 297 3613 luerit,
310 3548 439 3603 horresco
449 3549 572 3605 reterens
580 3565 588 3615 ;
602 3550 693 3604 subito
709 3550 783 3604 enim
797 3550 962 3618 praecipitati
974 3551 1008 3605 de
1021 3550 1119 3613 rheda,
1132 3551 1196 3605 ani-

125 3642 184 3685 mas
195 3628 360 3693 emiserunt,
372 3629 456 3698 atque
470 3643 583 3699 corpora
598 3629 706 3682 illorum
721 3628 872 3697 sepulturae
883 3632 947 3684 sunt
958 3630 1067 3685 tradita.
1081 3633 1199 3685 Sanctus

123 3721 189 3764 vero
204 3704 362 3760 Ambrosius
373 3721 438 3760 cum
451 3705 589 3777 ignoraret
600 3706 668 3776 quid
683 3705 787 3760 iactum
805 3709 892 3773 esset,
912 3722 964 3763 nee
983 3708 1088 3762 diutius
1104 3711 1195 3776 posset

123 3787 232 3858 plebem
251 3788 360 3849 tenere,
378 3784 546 3842 adscendens
566 3798 615 3854 pro
634 3785 779 3851 tribunali,
799 3785 834 3840 de
852 3785 949 3840 eadem
967 3786 1117 3856 quaestione
1131 3802 1195 3855 quae

123 3863 213 3922 iuerat
226 3866 380 3935 proposita,
392 3877 546 3921 sermonem
556 3863 669 3919 adorsus
684 3867 741 3929 est,
759 3864 871 3918 dicens:
885 3886 899 3910 «
914 3865 1058 3927 bellttum,
1081 3863 1192 3927 fratrae,

122 3963 140 3994 a
150 3945 233 4016 cupio
248 3943 422 4010 soluendum,
440 3943 490 3999 sed
503 3943 645 3998 hesternos
662 3956 737 3999 meos
755 3957 809 3999 non
827 3942 938 3999 invenio
955 3941 1121 4001 creditores,
1135 3963 1149 3988 n
1165 3943 1193 3995 et
