2676 4800
122 427 187 479 h'Xil

409 437 658 484 CHRONOLOGIA
675 437 908 485 lmsnosrllll.

123 502 398 612 saffiraahmfiffl
414 559 568 623 immemor,
586 561 717 614 Sanctum
734 573 835 615 venare
852 556 1022 628 aggreditur,
1040 554 1118 611 testis
1136 559 1203 612 Pas·
1228 551 1237 564 “

270 635 394 691 chalibus
406 652 490 693 unam
501 652 518 693 e
528 638 650 692 basilicis
661 638 714 692 sibi
726 638 799 693 tradi
812 637 999 707 expostulans.

165 714 226 768 586
305 717 454 773 Persuadet
465 719 659 774 Valentiniano
671 718 779 773 lustina
794 719 893 782 mater,
908 713 1084 771 scribendam
1098 714 1204 782 legem,

269 809 325 866 qua
338 796 366 849 in
381 797 532 852 Ecclesiam
547 796 730 851 conveniendi
748 797 872 850 Arrianis
886 797 1008 866 potestas
1024 793 1204 858 concedatur,

271 874 424 945 capitisque
442 890 524 946 poena
543 877 583 931 eis
601 877 751 946 irrogetur,
765 889 819 929 non
834 875 916 929 modo
931 875 981 945 qni
999 876 1094 928 contra
1112 873 1205 942 palam

269 953 458 1019 intercedere,
470 955 575 1010 sedvel
591 955 722 1010 cumulo
734 955 897 1023 supplicare
911 953 1135 1009 adtentarissent.
1151 951 1205 1006 Sed

271 1047 326 1086 non
337 1035 474 1088 Ambrosii
488 1033 601 1104 iniregit
612 1034 745 1089 animum.
760 1034 825 1089 lnde
836 1034 911 1089 diem
923 1033 1036 1088 Praesrrli
1048 1032 1159 1096 indicit,
1173 1036 1205 1085 ut

271 1109 295 1165 is
315 1112 368 1166 sibi
386 1113 495 1182 iudices
518 1114 621 1183 eligat,
643 1113 745 1185 quibus
768 1114 796 1167 in
819 1114 921 1183 palatio
941 1112 1148 1168 considentibus
1169 1111 1205 1167 dc

269 1194 444 1265 dogmatibus
460 1194 525 1250 tidei
541 1197 638 1249 contra
656 1195 825 1251 Auxentium
845 1196 976 1265 disputet.
996 1195 1096 1250 bennit
1114 1194 1204 1249 intre-

271 1274 352 1344 pidus
365 1275 498 1341 Antistes,
513 1275 659 1347 missisque
672 1276 707 1330 ad
721 1274 987 1345 apprehendendum
1002 1289 1067 1330 oum
1083 1274 1205 1328 militum

268 1355 435 1423 manipulis,
452 1369 469 1409 a
485 1357 586 1424 populo
602 1355 771 1412 detenditur.
788 1385 818 1396 -
831 1356 1012 1412 inveniuntur
1028 1355 1151 1410 cervasii
1170 1370 1204 1408 ac

271 1434 385 1488 Protasii
398 1432 515 1488 iratrum
528 1439 681 1505 martyrum
693 1436 829 1508 reliquiae.

305 1513 353 1567 llis
374 1513 478 1568 eisdem
498 1515 722 1585 tempestatibus,
743 1516 911 1586 pronuntiat
921 1516 1037 1570 Sanctus
1060 1514 1119 1567 illos
1138 1528 1203 1568 scr-

271 1594 477 1663 moncsquibus
486 1593 672 1662 pulcherrima
681 1595 767 1665 ipsius
777 1597 956 1650 monumenta
964 1593 1115 1662 composita
1125 1597 1209 1660 sunt,

124 1666 127 1672 “
218 1693 220 1698 ·
269 1671 376 1727 scilieet
387 1674 420 1727 in
433 1673 579 1728 mmmmm
591 1675 714 1741 dlli'lll,
726 1690 760 1730 ac
770 1677 802 1730 trs
815 1675 1098 1743 beoopeltrrmbucoe
1110 1686 1202 1742 eapo-

273 1753 490 1904 3ίξίιξῃρῗῆνίςςίἰῐο
502 1835 653 1902 Pascbalis,
662 1849 708 1890 vn
720 1835 775 1890 hal.
788 1835 890 1899 malas,
904 1831 1080 1902 baptizantur
1093 1834 1204 1903 hugus·

269 1909 344 1966 tinus
362 1911 464 1983 aliique
478 1917 639 1984 perplures,
656 1915 691 1970 ad
706 1929 776 1986 quos
792 1915 1000 1984 praeparandos,
1018 1913 1203 1970 instituendos

226 1995 230 2003 ¹
269 1989 516 2064 confortandosquc
528 1995 673 2050 conciones
686 1993 743 2050 edit
755 1994 934 2048 Ambrosius:
948 1994 977 2047 l⁰
988 1989 1022 2047 dc
1035 1991 1201 2058 Abrabam,

270 2065 305 2126 da
321 2073 405 2128 lsooc
419 2071 625 2139 emblasmate
638 2076 716 2129 borao
728 2074 847 2136 morlia·
858 2074 888 2128 2⁰
900 2070 936 2127 de
949 2073 1109 2142 hysteriim
1123 2074 1152 2124 5⁰
1167 2070 1202 2127 da

268 2151 471 2219 mascaron,
484 2148 519 2208 de
529 2151 617 2207 rocol>
626 2155 655 2207 et
668 2154 730 2207 otto
739 2151 838 2216 bento,
848 2148 883 2207 de
893 2149 1010 2222 raseph,
1022 2165 1056 2206 ac
1067 2145 1101 2206 dc
1113 2154 1203 2207 Berre-

271 2224 443 2287 dtch'onrbus
454 2229 707 2287 Patrios-oboram.
1138 2240 1142 2247 ’

301 2311 456 2367 Secundam
472 2310 507 2365 ad
528 2312 676 2366 blanimum
699 2311 864 2381 legationem
881 2310 997 2382 suscipit
1020 2312 1199 2378 Ambrosius,

268 2406 352 2463 quern
372 2388 556 2447 Mediolanum
571 2393 759 2446 revertentem
775 2405 893 2460 propere
911 2394 1045 2462 sequutus
1066 2393 1201 2447 blanimus

268 2471 374 2525 ltaliam
387 2470 499 2525 invadit.
510 2470 731 2525 Thessalonicam
744 2483 810 2524 vero
825 2471 860 2524 ad
878 2469 1060 2525 Theodosium
1074 2472 1200 2525 Valenti-

75 2602 77 2609 ,
159 2616 161 2621 Ι
268 2549 367 2602 nianus
378 2563 442 2602 cum
454 2552 543 2602 matre
556 2547 689 2618 confugit.

302 2628 366 2680 Fato
379 2625 504 2681 concedit
513 2626 631 2681 lustina.
650 2655 681 2666 -
696 2629 764 2682 (lum
776 2628 968 2683 Valentiniano
984 2628 1083 2682 transit
1101 2629 1128 2681 in
1146 2632 1199 2684 lta-

156 2723 160 2731 ·
268 2705 334 2760 liam
356 2705 539 2771 Theodosius,
563 2705 767 2779 blanimumque
788 2706 896 2763 duobus
918 2709 1043 2762 cladibus
1066 2707 1198 2764 aflectum

268 2783 360 2856 gladio
371 2786 505 2841 interimit
516 2800 602 2856 prope
614 2788 781 2857 Aquileiam.
796 2814 827 2826 -
840 2787 905 2842 lnde
921 2801 1049 2841 reversus
1066 2789 1199 2844 blediola-

269 2880 355 2931 num,
372 2864 409 2920 de'
424 2880 479 2936 quo
496 2867 601 2921 exierat
624 2867 798 2932 Ambrosius,
815 2880 876 2921 rem
897 2869 925 2921 et
943 2882 1054 2922 causam
1075 2869 1199 2924 Callinici

268 2944 351 2999 castri
367 2945 502 3015 episcopi,
516 2944 564 3016 qul
576 2958 744 3016 synagogam
759 2946 919 3001 ludaeorum
935 2946 1111 3012 incenderat,
1124 2949 1199 3018 apud

266 3021 449 3080 Theodosium
461 3022 594 3080 defendit.

301 3103 465 3160 Scribuntur
476 3107 677 3170 hexaemeron
688 3106 751 3159 libri
767 3111 842 3160 sex:

254 3200 258 3207 ·
302 3185 369 3261 pum
380 3183 515 3239 loriniani
528 3198 636 3240 errores
651 3184 798 3239 monachos
810 3184 914 3254 aliquot
926 3184 1140 3241 Mediolanenses
1155 3188 1200 3239 in-

267 3246 411 3329 obissent,
431 3265 457 3319 S.
480 3264 654 3330 Ambrosius,
674 3264 774 3320 litteris
792 3278 808 3318 a
827 3267 943 3320 suniero
966 3279 1037 3335 papa
1059 3268 1197 3335 acceptis,

268 3343 395 3399 haeresim
408 3344 436 3399 in
449 3344 507 3414 ipso
519 3345 603 3399 natali
621 3345 679 3398 loco
693 3342 824 3399 ooniodit.
840 3371 869 3384 —
882 3344 983 3400 Eodem
995 3346 1106 3400 circiter
1123 3351 1199 3400 lem·

266 3437 333 3491 pore
345 3421 466 3478 eduntur
477 3423 686 3481 Enomotioaea
698 3425 732 3478 tn
746 3422 875 3495 psalmos
889 3428 962 3490 llll,
979 3428 1059 3489 XLV,
1078 3427 1180 3480 XlVll
1188 3468 1198 3491 ,

268 3501 384 3556 1(th
388 3541 397 3566 ,
408 3503 478 3558 bal.
650 3568 657 3581 Α

303 3582 332 3636 1η
343 3581 552 3653 quadragesima
569 3582 655 3638 habiti
669 3584 736 3639 sunt
752 3596 893 3640 sermones
906 3581 941 3640 de
954 3586 1018 3641 Elio
1030 3589 1057 3640 et
1070 3586 1196 3654 peirorio.

302 3663 491 3717 Thessalonica
501 3664 598 3717 civitas
610 3663 638 3717 in
650 3662 793 3731 praelectos
803 3679 866 3719 snos
873 3666 1010 3721 seditione
1019 3668 1106 3720 saevit.
1115 3669 1199 3736 Cujus

267 3741 396 3799 facinoris
411 3743 501 3812 primo
517 3742 626 3798 veniam
642 3757 703 3799 sese
719 3757 914 3800 concessurum
928 3747 1071 3801 ambrosio
1091 3747 1197 3816 promi·

267 3823 341 3877 serat
366 3821 543 3878 Theodosius.
569 3825 698 3894 Dumque
722 3823 865 3878 Mediolani
888 3825 1036 3881 concilium
1065 3826 1198 3882 adversus

267 3901 419 3956 ithacianos
430 3901 589 3967 haberetur,
601 3904 691 3958 victus
706 3903 859 3958 aulicorum
876 3906 955 3959 malis
970 3905 1090 3960 consiliis
1108 3911 1199 3976 irnpe-

266 3982 349 4045 rator,
367 3979 620 4038 Thessalonicenses
635 3984 709 4038 cives
732 3983 902 4040 atrocissime
924 3986 1016 4055 pruniri
1031 3987 1122 4054 jubet.
1143 3987 1197 4056 lpsi

269 4058 429 4131 poenitentla
442 4059 550 4129 publica
561 4061 594 4115 ab
609 4063 751 4117 Ambrosio
764 4062 906 4133 intligitur.
