2676 4800
124 377 154 425 to
505 377 632 425 saecri
654 376 827 424 AMBROSH

124 463 230 509 marinos
247 460 300 508 tuto
326 460 437 507 subitura
462 461 576 521 remigio,
602 471 647 507 nec
674 458 866 519 ipsoquasrenda
881 458 1022 517 iucunditas
1037 458 1209 507 tuaeestcore

124 529 203 578 solum
214 526 308 586 ventis,
319 526 362 573 sed
374 526 449 573 etiam
461 527 576 574 ductibus
595 538 649 572 cer·
672 528 792 574 scientias.
804 527 860 575 ideo
870 528 905 574 ait
917 540 924 572 a
942 528 998 574 liibe
1010 541 1097 589 apuam
1112 529 1141 574 de
1160 530 1208 576 teir

124 595 206 642 tatura
229 594 354 655 processit.
374 593 423 639 llec
445 605 494 640 non
518 593 544 640 et
566 593 650 640 laurus
673 598 778 653 easis,ei
795 598 821 642 de
836 599 959 655 puteorum
979 599 1073 643 teocam
1088 596 1205 655 tontibus.

124 673 252 722 emergens
277 661 376 708 odorem
398 672 469 707 suum
492 659 560 707 dedit
578 671 650 706 num·
674 661 779 707 Primum
792 662 901 707 omnium
911 662 974 707 nibil
982 662 1076 723 gratius
1088 661 1207 710 florentis

124 741 197 789 quam
207 727 374 776 suoexuenda
386 726 650 772 velaminelinrbrosae
673 729 746 775 odore
761 728 829 776 ritis.
845 729 972 790 siquidem
989 730 1019 777 de
1037 729 1098 777 ssore
1117 740 1206 777 earum

124 807 220 854 quoque
230 795 300 841 ilices
308 794 427 841 verticem
438 793 604 852 protulerunt,
614 794 651 839 in·
673 810 760 845 succus
769 810 900 857 expressus
909 799 991 857 poculi
1003 811 1080 858 genu,
1090 797 1205 858 conficit,

124 863 267 911 horrentem
296 875 390 911 comam
416 862 527 909 bibernis
553 873 650 921 quoque
673 865 737 924 quod
748 867 774 913 et
788 866 907 924 voluptati
920 867 945 913 et
959 866 1033 913 saluti
1044 866 1086 913 sit.
1105 863 1205 912 Deinde

123 931 276 992 temporibus
299 934 440 980 servaturas.
460 932 511 978 Hoc
534 929 601 977 enim
626 930 650 976 in
674 932 789 990 quisnon
805 932 910 978 miretur
925 944 957 979 ex
976 932 1040 979 acini
1057 930 1157 978 vinacio
1166 929 1206 978 ri·

124 1002 227 1060 siugulis
246 1002 405 1064 privilegium
421 1001 508 1047 natura
526 997 607 1046 tenuit
625 1000 651 1045 ia
676 1003 724 1046 tem
732 1013 808 1059 usque
818 999 844 1045 in
852 1000 946 1045 arboris
954 1012 1075 1046 summum
1085 1008 1204 1046 cacumen

123 1073 262 1128 reliquum,
280 1070 344 1128 quod
362 1068 407 1115 sub
426 1068 476 1115 ictu
496 1068 580 1115 mundi
599 1081 652 1114 sur-
676 1079 932 1126 prorumpere‚quam
943 1068 1012 1112 velut
1027 1066 1133 1124 quodam
1150 1076 1205 1112 sm·

123 1139 204 1196 pontis
215 1136 326 1196 occepit:
337 1135 427 1183 etinde
438 1136 574 1181 manetsua
588 1134 651 1181 ilici·
676 1133 750 1189 piem
776 1133 855 1192 levet,
877 1135 903 1180 et
926 1131 1072 1192 quibusdem
1095 1132 1206 1180 brachiis

123 1205 171 1253 bus
191 1206 363 1265 prerogativa,
382 1203 465 1251 manet
484 1203 650 1262 cupressibus,
677 1203 746 1260 lipal,
762 1203 787 1247 et
799 1200 934 1247 circumdat
950 1200 1063 1261 lacertis,
1078 1199 1204 1261 pampinis

123 1278 153 1321 ut
170 1277 231 1322 nulli
255 1276 325 1321 venti
351 1286 392 1321 ens
410 1272 485 1319 erinis
503 1273 541 1319 sui
560 1272 651 1318 honore
677 1271 844 1326 vestit,sertis
855 1283 960 1317 uvarum
971 1268 1157 1328 coronatlQuae
1172 1267 1203 1316 td

122 1345 269 1403 despolient.
677 1339 1203 1398 imitationemvitaenostraeprirnumviram

154 1411 192 1458 tii.
203 1411 348 1456 Surrexerat
359 1410 415 1455 aute
427 1407 528 1454 floribus
539 1407 651 1453 immixta
676 1405 758 1464 detipit
786 1406 908 1465 radicem,
931 1407 1020 1452 deinde
1042 1407 1100 1465 quia
1116 1405 1204 1453 natura

124 1481 231 1530 terrenis
241 1480 295 1525 sine
306 1475 384 1536 spinis
395 1488 461 1533 rosa,
473 1477 499 1522 et
513 1475 652 1535 puicberri-
676 1473 792 1521 flexibilis
810 1474 937 1522 etcaduca
950 1475 1000 1533 est,
1014 1475 1084 1534 quasi
1095 1473 1204 1522 bracblta

124 1563 179 1598 mus
196 1547 241 1594 ilos
264 1547 317 1593 sine
336 1546 386 1592 ulla
405 1543 489 1590 irsude
508 1544 626 1590 vernabat
644 1557 650 1588 i
675 1543 835 1600 quibusdam,
847 1544 882 1590 ite
899 1546 924 1590 et
936 1543 1066 1590 claviculis
1083 1540 1204 1602 quidquid

124 1618 208 1680 postea
219 1615 288 1674 spina
300 1614 376 1673 sepsit
388 1611 490 1670 gratiam
501 1611 580 1670 doris,
589 1614 650 1659 tam-
674 1613 881 1672 apprehenderit,
891 1613 1003 1672 stringit,
1015 1612 1103 1672 hisque
1115 1625 1142 1660 se
1153 1609 1204 1660 erl·

124 1697 199 1747 quam
227 1685 341 1730 humanm
364 1682 492 1742 speculum
520 1681 652 1740 preferens
675 1682 709 1738 git
721 1681 746 1727 et
758 1681 857 1728 attollit.

124 1758 192 1813 vite,
201 1767 256 1815 quas
263 1751 409 1800 suavitatem
417 1749 594 1810 perfunctionis
602 1763 651 1797 sure
704 1749 742 1795 iit).
755 1749 832 1806 liujus
848 1749 885 1795 est
896 1747 983 1795 similis
993 1746 1064 1806 plebs
1073 1744 1203 1808 aeclesias,

124 1822 236 1869 finitimis
254 1831 366 1866 curarum
386 1817 491 1865 stimulis
502 1829 566 1876 sepe
585 1829 651 1863 com-
675 1829 727 1874 qum
742 1818 811 1863 velut
821 1818 926 1876 quadam
937 1816 996 1862 fidei
1006 1815 1089 1862 radice
1106 1815 1204 1875 planta-

124 1891 226 1949 punpat.
251 1887 346 1934 Vallata
372 1887 410 1931 est
435 1885 502 1930 enim
530 1883 650 1941 elegantia
676 1888 728 1942 tur,
748 1886 773 1931 et
789 1885 933 1944 reprimitur
949 1883 1097 1931 humilitatis
1117 1895 1203 1943 propa·

123 1956 182 2004 vitae
204 1952 311 2011 nostres,
327 1955 353 2001 et
369 1951 515 2013 quibusdam
532 1951 651 1998 sollicitu—
674 1953 744 2012 gine,
756 1953 786 2001 de
801 1967 849 2013 qua
863 1955 948 2013 pulcre
960 1955 995 2000 sit
1004 1952 1127 2012 Propheta
1140 1965 1147 1998 :
1160 1953 1204 2001 Vi·

124 2023 224 2070 dinibus
241 2022 354 2081 obsepta,
372 2021 401 2066 ut
416 2016 517 2066 tristitia
536 2016 651 2075 adjuncta
675 2037 741 2069 iream
751 2038 781 2070 ear
789 2027 888 2084 AEprpto
899 2023 1039 2071 transtulisti
1043 2024 1081 2079 ‚et
1091 2020 1205 2082 plenta&

124 2091 158 2137 sit
168 2091 260 2149 gratie.
271 2089 340 2135 Unde
357 2099 411 2134 cum
431 2084 598 2143 unusquisque
609 2086 652 2129 sut
675 2093 761 2139 radices
771 2092 834 2152 ejus,
845 2096 866 2139 et
884 2093 975 2151 replesti
991 2095 1097 2138 terram:
1113 2086 1205 2150 oper'nit

123 2157 246 2209 suavitate
255 2156 365 2214 rationis,
375 2155 417 2201 aut
427 2153 586 2213 prosperioris
596 2167 652 2200 cur·
675 2163 761 2206 inantea
769 2162 853 2207 embra
861 2161 919 2218 ejus,
931 2164 953 2207 et
961 2161 1058 2207 arbusto
1067 2156 1117 2217 eins
1125 2159 1204 2206 αάνω

124 2241 166 2277 sus
182 2226 334 2275 successibus
345 2224 493 2284 gratulatur,
510 2223 650 2269 meminisse
676 2231 741 2275 liei:
760 2232 883 2277 extendisti
899 2231 1004 2288 psalmitea
1022 2227 1071 2287 ejer
1082 2242 1154 2288 espec
1172 2226 1204 2275 ed

125 2299 204 2357 culpae
219 2306 275 2343 euin
295 2293 427 2350 corsaentt,
439 2304 484 2350 per
498 2304 570 2350 quam
581 2291 651 2337 nobis
675 2311 752 2355 inore,
761 2301 782 2344 et
791 2299 992 2357 usqueadtlemeu
998 2294 1202 2356 propopiecrcp'rn·

124 2367 151 2413 in
160 2366 267 2425 paradisi
275 2363 418 2410 amenitate
426 2361 651 2420 tlorentibusspinae
676 2367 702 2411 et
713 2379 757 2425 per
768 2367 859 2413 Esaiam
871 2365 923 2425 ipse
933 2365 1052 2412 Dominus
1061 2366 1158 2412 locutus
1165 2363 1203 2411 ert

124 2436 227 2492 mentis,
237 2434 373 2491 animaeque
382 2430 527 2487 seutesiure
536 2430 651 2477 coirdem·
674 2435 776 2482 ilicem:
790 2437 865 2484 Vinea
874 2436 940 2493 [ecla
950 2439 981 2482 est
993 2437 1073 2482 dilecto
1084 2437 1110 2480 in
1119 2447 1202 2492 cons,

124 2504 231 2553 nationis
246 2501 361 2559 adscripti
374 2501 437 2547 sunt.
451 2500 560 2545 irrutiles
576 2500 652 2558 igilur
674 2505 830 2551 inlocoeberi
837 2520 845 2550 .·
854 2508 875 2551 el
884 2503 1205 2560 rnecniemcircomdedi‚rt
1218 2547 1222 2553 .

123 2569 357 2631 licet,obomo‚aut
369 2565 650 2624 splendorenobilitatis‚
674 2575 809 2631 circumfodi
826 2575 919 2619 vineam
936 2571 1037 2627 Sorecli,
1053 2574 1075 2617 et
1092 2571 1206 2631 edificari

124 2640 167 2686 ant
181 2637 277 2692 fascino
288 2635 429 2693 potestatis,
440 2635 484 2678 sut
499 2631 592 2691 iulpore
601 2635 651 2679 vir·
675 2643 757 2687 {sinim
770 2643 794 2687 ῑη
805 2643 878 2688 medio
890 2642 947 2700 epp,
959 2638 1124 2686 circumdedit
1134 2637 1203 2686 enim

123 2708 307 2764 lulis,selnper
322 2701 368 2747 tibi
383 2703 452 2759 spina
470 2703 582 2759 proxima
601 2703 650 2760 esi,
675 2722 728 2754 eain
752 2710 820 2755 velut
844 2710 908 2756 vallo
932 2708 1038 2769 quodam
1062 2707 1204 2755 eoelestium

124 2786 222 2833 semper
233 2775 269 2819 est
280 2770 369 2827 sentis,
377 2780 475 2828 semper
485 2768 600 2815 interiora
610 2773 650 2816 tua
676 2781 863 2837 ρηρςρρῑοωῐῃ,
881 2782 906 2825 ei
918 2777 1063 2837 Angelorum
1081 2775 1204 2823 custodia,

124 2843 233 2902 respice,
253 2851 327 2898 super
346 2837 429 2897 spinas
452 2837 586 2895 germinas,
606 2850 651 2883 nec
676 2846 987 2906 immitescenimangems
1002 2845 1139 2891 nominum
1153 2844 1205 2892 ere

125 2911 221 2972 bf⁰li¹³
232 2908 309 2968 gratis
327 2905 426 2952 manen
438 2904 507 2951 bleli
519 2907 651 2966 unusquis.
675 2916 743 2962 cuitu
758 2916 899 2962 timentium
911 2929 977 2962 eum.
989 2914 1071 2961 Posuit
1082 2915 1107 2960 iu
1118 2915 1205 2962 eccle·

124 2992 173 3040 que
184 2979 286 3025 decurso
296 2976 374 3025 aeb'tiis
385 2974 444 3022 ss⁰re
455 2975 589 3022 marcessit·
675 2983 710 3029 sia
727 2984 796 3031 velut
814 2984 903 3030 turrim
920 2984 1089 3044 Apostolorum
1100 2982 1126 3029 et
1142 2983 1205 3031 Pro·

351 3080 385 3086 —
397 3080 420 3087 —
676 3053 804 3110 pbetsrum
820 3053 892 3112 atque
910 3054 1055 3111 Doctorum,
1068 3053 1110 3111 qui
1122 3050 1205 3100 solent

284 3145 410 3201 CAPUT
424 3145 494 3197 ΧΠ,
676 3119 840 3177 ΡῐῡΕΰθΙῡείω
851 3134 911 3180 pace
921 3120 1083 3179 praetendere.
1094 3120 1207 3167 circum·

676 3188 736 3236 tedii
751 3201 819 3248 earn,
830 3190 926 3249 quando
937 3188 1082 3236 exoneravit
1094 3189 1207 3236 terrens-

118 3262 333 3306 ·¹⁴²¹¹‘¹¹¹¹¹¹'¹¹¹‘·0¹
345 3258 651 3307 ⁶¹¹¹¹¹E⁶⁰¹0⁵³³0⁰mb⁸rsmr2
677 3270 728 3303 rum
746 3258 811 3304 mole
823 3270 945 3305 curarum.
958 3258 1024 3304 Nibil
1043 3256 1110 3304 enlm
1124 3257 1208 3318 magis

146 3314 371 3419 ffingss'offifflum
385 3313 499 3360 simeonis
514 3313 650 3352 admirass-
676 3327 783 3372 mentem
806 3328 906 3385 onerat,
928 3338 1001 3386 quam
1024 3326 1095 3372 istius
1114 3324 1206 3374 mundi

676 3395 813 3442 sollicitudo
824 3399 849 3443 et
860 3395 981 3456 cupiditas
991 3395 1029 3440 vel
1039 3392 1151 3453 pecuniae
1163 3393 1206 3442 vel

153 3462 193 3511 tt).
204 3461 312 3510 sanent
322 3460 412 3508 caduca
423 3461 469 3508 tibi
480 3461 577 3508 noveris
588 3474 652 3507 com·
675 3463 799 3519 potentiae.
816 3462 885 3521 Quod
907 3462 953 3508 tibi
978 3461 1159 3508 demonstratur
1179 3461 1207 3510 ln

124 3533 209 3581 munia
219 3543 272 3578 esse
282 3543 336 3576 cum
345 3530 459 3588 floribus,
468 3531 503 3577 ita
512 3531 586 3578 etiam
597 3529 649 3576 leis
676 3529 819 3589 Evangelio,
830 3543 885 3577 curn
903 3529 977 3589 lepis,
989 3530 1046 3588 quia
1058 3529 1100 3575 illa
1111 3528 1209 3578 muller

125 3614 181 3650 cnm
193 3599 298 3657 ritibus,
309 3599 399 3657 quibus
410 3598 541 3658 generatur
551 3599 650 3657 vinum,
675 3610 729 3657 quae
746 3598 851 3644 habebat
861 3598 975 3658 spiritum
987 3597 1149 3656 infirmitatis,
1165 3597 1208 3645 in·

124 3682 173 3730 quo
183 3680 223 3714 cor
234 3667 340 3714 bominis
351 3667 495 3715 laetiticstur.
508 3669 586 3727 dique
603 3667 651 3713 uti·
675 3665 764 3712 clinsta
782 3669 846 3725 erat,
863 3670 892 3713 ut
903 3679 997 3713 sursum
1014 3666 1137 3726 respicere
1154 3677 1207 3714 non

124 3748 196 3793 nam,
213 3748 227 3781 o
243 3736 329 3795 bomo,
341 3735 416 3794 liujus
433 3736 532 3795 generis
547 3735 651 3781 imiteris
675 3734 763 3791 posset.
774 3735 878 3780 Curiata
894 3734 960 3781 enim
971 3733 1024 3779 erut
1038 3733 1119 3779 anima
1135 3733 1207 3792 ejus,

125 3803 281 3863 exemplum,
291 3804 318 3850 nt
328 3805 379 3863 ipse
389 3804 435 3850 tibi
443 3804 554 3850 letitiam
562 3804 651 3861 jncun-
675 3815 729 3861 quae
747 3802 912 3849 inclinabatur
927 3802 956 3848 sd
976 3803 1074 3848 terrena
1086 3812 1207 3860 compen·

126 3872 277 3931 ditatemqne
295 3872 436 3920 fructifices.
448 3872 476 3918 ln
492 3872 580 3930 teipso
596 3884 651 3918 sua·
675 3871 728 3930 dia,
741 3871 765 3917 et
780 3871 904 3918 coelestem
918 3870 1021 3932 gratiam
1032 3882 1080 3917 non
1092 3869 1205 3918 videbat.

125 3938 189 3987 ritss
200 3941 247 3986 tuae
258 3941 341 4001 gratias
352 3942 402 3999 est,
415 3952 446 3987 ex
457 3941 481 3986 te
494 3940 614 3999 psdlulat,
625 3941 650 3988 in
675 3941 794 3999 Respexit
820 3952 875 3986 earn
893 3940 976 3998 lesus,
997 3939 1023 3986 et
1045 3937 1160 3996 ¹vocavit,
1179 3937 1207 3986 et

125 4006 152 4055 te
163 4006 259 4068 manet,
271 4009 336 4058 intus
347 4009 394 4080 tibi
404 4006 516 4078 lnest;id
527 4009 578 4068 est,
588 4009 614 4056 in
625 4009 649 4056 te
675 4009 756 4075 statim
772 4009 862 4058 mulier
872 4019 946 4057 onera
963 4008 1062 4057 terrena
1079 4007 1206 4067 deposuit.
