2676 4800
516 445 702 491 APAUHNO
715 448 808 498 vrri.
1143 456 1197 500 ΧΙΧ

148 515 188 571 riri
199 519 322 590 religiosi,
335 519 497 578 detraheret
514 527 655 581 memoriae
672 529 839 593 Sacerdotis,
858 528 1087 598 adspernantibus
1104 533 1157 589 illis
1168 536 1198 590 et

81 658 83 665 ¹
145 597 309 654 deserentibus
327 599 450 671 linguam
471 617 608 673 nequam,
630 606 722 659 subito
743 609 857 663 vulnere
879 624 1026 678 percussus
1045 614 1138 681 gravi,
1161 614 1196 670 dc

142 677 220 733 odero
230 679 287 733 loco
298 679 519 753 inqoclaoebet,
532 682 631 737 alienis
644 685 769 740 manibus
782 687 920 754 sublatus,
933 688 962 742 ln
974 690 1107 745 lectulmn
1119 693 1195 759 posi-

140 757 175 811 tus
184 760 234 823 eet,
246 760 328 830 atque
341 758 403 815 inde
416 759 452 814 ed
464 758 623 829 sepulcrum
636 777 723 833 usquc
737 762 897 833 perductus.
911 770 940 821 ln
954 769 1022 823 urbe
1035 769 1120 823 etiam
1131 772 1196 824 Car·

138 836 290 907 liminensi,
305 853 368 894 eum
383 839 458 909 apud
477 841 657 895 fortunatum
674 842 822 897 diaconum
841 842 954 900 fratrem
967 847 1131 900 venerabilis
1144 848 1195 900 viri

135 919 225 973 Aurelii
236 919 371 989 episcopi,
385 919 421 974 ad
432 919 589 974 convivium
603 922 793 976 convenissem
807 937 861 977 una
874 938 938 977 cum
951 925 1095 979 Vincentio
1105 927 1196 980 Colos-

132 996 356 1069 sitanoepiscopo,
367 1002 482 1054 liurano
494 999 578 1053 etiem
591 1000 719 1069 episcopo
733 1002 872 1067 bolitano,
886 1003 974 1058 sedet
987 1004 1047 1057 aliis
1059 1004 1195 1074 episcopis

131 1077 315 1134 etdiaoonibus
322 1095 330 1144 ;
344 1082 411 1135 tunc
421 1081 536 1134 Murano
547 1080 675 1150 episeopo
686 1080 843 1136 detrahenti
856 1085 955 1136 Sancto
966 1084 1025 1138 viro
1039 1084 1123 1138 rotuli
1135 1085 1196 1138 exi-

130 1159 184 1211 tum
193 1159 343 1229 presbpteri
352 1158 483 1229 superius
494 1159 637 1214 memorati
646 1161 734 1230 :quod
747 1161 792 1215 ille
802 1160 837 1216 de
846 1161 900 1215 alio
911 1161 1032 1225 dictum,
1045 1162 1080 1215 dc
1093 1176 1122 1215 sc
1134 1175 1196 1215 ora·

129 1237 217 1291 culum
231 1242 336 1294 maturo
346 1238 392 1294 sui
403 1238 481 1295 exitu
493 1239 690 1308 comprobavit.
705 1241 773 1293 liam
787 1238 822 1294 dc
835 1238 932 1294 eodem
944 1239 1003 1292 loeo
1016 1239 1043 1292 in
1056 1253 1111 1309 quo
1120 1240 1196 1308 jace·

128 1313 189 1377 bat,
201 1329 263 1370 cum
274 1317 363 1372 subito
382 1317 498 1372 vulnere
516 1317 622 1388 ingenti
641 1319 714 1374 esset
731 1331 896 1386 percussus,
910 1317 1008 1373 alienis
1020 1318 1147 1372 manibus
1159 1317 1195 1372 ad

127 1393 225 1449 helon
238 1412 319 1468 mque
336 1398 464 1467 portatio
475 1397 533 1462 est,
545 1400 629 1467 atquc
643 1395 707 1452 inde
724 1395 759 1451 ad
774 1397 886 1451 domum
898 1397 927 1452 in
938 1411 993 1468 qua
1006 1397 1194 1466 hospitabatur

126 1471 268 1540 deductus,
283 1476 358 1531 diem
376 1477 475 1531 clausit
493 1478 656 1531 extremum.
677 1475 779 1533 lshnis
797 1476 919 1531 virorum
936 1477 976 1531 illi
988 1476 1193 1534 detrahentium

126 1549 187 1616 init,
196 1571 281 1626 quem
292 1555 419 1612 ridentes
431 1557 480 1626 qui
494 1558 561 1610 tunc
574 1555 705 1623 adorant,
717 1554 847 1611 admirati
856 1559 930 1610 aunt.

152 1636 191 1691 tt.
205 1638 281 1694 Unde
292 1638 389 1694 hortor
398 1640 428 1695 et
439 1638 554 1693 obsecro
565 1651 675 1694 omnem
687 1638 843 1704 hominem,
853 1638 902 1709 qui
914 1638 988 1695 hunc
999 1638 1100 1693 librum
1114 1639 1193 1707 lege-

125 1719 167 1783 rit,
180 1723 208 1773 ut
220 1719 347 1773 imitetur
356 1717 441 1772 vitam
454 1717 541 1772 sancti
554 1716 621 1781 viri,
639 1717 732 1773 laudet
748 1717 798 1773 uei
812 1717 947 1788 gratiam,
963 1719 992 1772 et
1008 1717 1128 1785 declinet
1140 1716 1192 1771 de-

124 1799 283 1854 trahentium
295 1799 419 1869 linguam
432 1798 455 1852 si
467 1798 526 1852 vult
538 1796 625 1866 magis
636 1796 805 1851 consortium
819 1797 921 1852 habere
932 1810 996 1850 cum
1009 1796 1152 1850 Ambrosio
1164 1796 1192 1850 in

124 1880 318 1934 resurrectione
329 1878 409 1942 vitre,
421 1890 505 1948 quam
517 1890 581 1930 cum
598 1875 807 1931 detrahentibus
823 1875 877 1930 iltis
895 1875 990 1930 subire
1007 1875 1191 1944 supplicium,

124 1960 188 2028 quod
198 1959 292 2014 nullus
303 1958 413 2027 sapiens
424 1967 478 2011 non
491 1955 622 2012 declinat.

151 2041 188 2094 hh.
201 2042 290 2093 Tuam
306 2038 390 2093 etiam
405 2050 503 2105 precor
515 2035 730 2099 beatitudinem,
745 2038 825 2104 pater
841 2033 1011 2104 Augustino,
1031 2036 1061 2086 ut
1079 2046 1130 2101 pro
1147 2047 1192 2088 mc

125 2119 266 2174 humillimo
277 2120 423 2189 peccatore
435 2117 550 2172 Paulino
562 2130 625 2171 cum
636 2115 764 2171 omnibus
774 2114 876 2170 sanctis
890 2114 941 2183 qui
957 2117 1049 2169 mcum
1064 2114 1191 2168 invocant

125 2213 211 2253 nomen
224 2197 335 2253 Domini
349 2195 434 2251 nostri
448 2198 514 2250 Jcsu
526 2194 624 2249 Christi
641 2195 669 2247 in
688 2195 821 2259 veritate,
834 2207 915 2248 orare
926 2192 1049 2263 digneris
1057 2208 1065 2258 ;
1080 2195 1109 2247 ut
1126 2193 1192 2262 quia

127 2276 149 2328 in
158 2276 330 2346 adipiscenda
346 2275 437 2345 gratia
455 2287 521 2328 cum
538 2276 614 2327 huto
631 2272 690 2327 viro
708 2287 762 2326 non
781 2286 842 2325 sum
853 2270 956 2341 dignus
968 2271 1070 2326 imitere
1083 2285 1193 2324 consor-

126 2357 200 2420 tium,
210 2357 328 2426 adeptum
338 2367 466 2411 meorum
476 2352 586 2411 ueniam
596 2355 791 2423 pcccatorum,
804 2351 840 2405 sit
853 2350 921 2405 mihi
932 2350 1078 2419 premium
1090 2349 1192 2420 lugissc

128 2438 280 2506 supplicium
292 2436 313 2491 ⁰.

145 2577 183 2616 'ln
192 2578 230 2616 hae
238 2577 323 2624 notitia.
332 2586 479 2627 quecumque
486 2575 513 2615 ad
522 2574 566 2614 divi
575 2573 689 2624 lupniunr
697 2571 858 2611 conversionem
869 2571 1001 2617 pertinerent
1010 2594 1013 2608 .
1025 2568 1094 2605 omisit
1104 2577 1129 2604 er
1143 2577 1192 2605 con·

129 2637 173 2672 subc
181 2637 286 2674 riuum
295 2634 339 2685 Qui
348 2634 395 2672 licet
402 2633 528 2672 mmiulmi
535 2632 571 2671 sui
583 2630 679 2679 mulceri
688 2629 815 2668 memorium
825 2631 846 2665 et
854 2626 960 2666 honorem
970 2629 1015 2663 tote
1026 2625 1069 2662 ulo
1081 2634 1193 2672 pronoque·

130 2699 185 2738 anm,
195 2699 263 2731 une·
276 2693 413 2731 memoli·
425 2702 451 2730 ee
466 2691 586 2729 reverentia
601 2693 724 2738 permotus,
738 2685 846 2723 molestia
860 2684 1013 2723 othuuulitati
1027 2684 1073 2730 ejus
1084 2682 1110 2721 ad
1125 2691 1193 2731 quom

129 2753 228 2799 vibent,
237 2761 304 2800 qua·
311 2751 465 2802 ebrimctmae
473 2751 495 2787 in
503 2748 588 2790 Christo
596 2743 737 2796 acquisitionis
745 2744 861 2793 praeconio.
874 2742 949 2781 maluit
958 2740 1080 2789 indulgere.
