2676 4800
132 324 177 374 tot
509 328 641 374 suncti
658 327 835 373 'Abbnoslt

130 406 656 468 bemuaqitioramnostrorouclamoribm3
680 411 743 456 rcait
760 409 852 458 ommni
874 408 928 459 rar.
945 404 1083 457 Perlecller
1103 406 1198 461 mm

129 479 157 523 ut
180 476 309 537 aliquando
327 475 455 534 vindicet,
480 477 524 537 qui
550 476 657 525 libenter
683 477 1197 536 obviamrista,‘canrrreatt,ctedarrsth

130 544 241 604 ignoscit.
680 546 765 604 facicm
775 559 844 607 super
859 549 963 603 terram,
981 549 1004 594 cl
1017 546 1203 595 antemna.

159 610 655 673 aa.neuqoenoranapeenuneumur
681 616 860 662 ninidccltnatc
873 617 899 663 tn
912 614 1169 675 amemur.
1208 628 1212 633 ·

58 684 68 692 ”
128 681 245 740 perderet
258 681 348 739 justos,
363 682 488 741 tamqnam
505 680 615 740 iniquos,
631 682 657 729 et
680 683 760 742 coegit
784 683 840 730 lllos
860 683 1000 741 divertere,
1017 683 1062 742 qui
1078 674 1212 739 meruli,

86 775 88 778 ·
128 749 289 809 interroganti
311 751 363 797 rSi
379 750 466 808 suniat
488 751 656 809 quinquaqinta
683 752 961 812 inplaleamanebimas.
973 746 1200 799 commendata&

110 821 217 880 ‚instita
227 820 417 879 autumpnae·
427 817 654 880 illortliespondit:
678 818 749 877 justi·
765 821 894 878 sanctitas,
914 821 940 867 et
958 821 1107 879 Aaqelorum
1123 816 1200 880 path.

33 892 36 898 '
128 888 184 935 lion
201 890 297 948 mdam
315 889 442 943 civitaten,
458 888 479 935 si
495 888 581 946 penul
592 888 617 934 in
628 901 656 934 eo
680 889 720 935 llli
738 888 857 936 nolebant
876 888 1010 935 adrentum
1029 900 1102 935 suum
1120 884 1201 947 unqu

129 958 299 1018 quinquaqinta
311 957 384 1015 justi,
395 958 500 1003 ettotam
514 957 590 1003 locum
606 970 656 1004 ocr-
679 957 816 1015 praviorem
833 956 914 1004 videri
927 955 1061 1016 :1ille,qni
1072 956 1137 1003 inter
1149 958 1203 1015 qu
1224 1014 1227 1019 Ι

128 1027 196 1074 eobo.
208 1027 238 1072 et
248 1029 283 1074 sic
297 1038 343 1087 per
357 1025 469 1073 ordinem
484 1025 656 1085 interrogatio·
680 1027 803 1074 habitaret
828 1026 936 1084 sciebat,
963 1025 1096 1073 tutamen⁴
1111 1024 1204 1073 dom·

129 1106 201 1152 num,
213 1098 239 1143 el
247 1096 432 1154 responsionum
443 1094 537 1153 vicem,
549 1094 655 1141 etiamsi
679 1107 747 1141 suem
765 1095 883 1141 ollerebat
903 1093 1037 1154 periculis,
1058 1093 1150 1152 quibui
1163 1102 1221 1159 ⁸1¹5·

128 1164 215 1210 decern
238 1164 315 1222 justos
339 1162 463 1210 invenerit
485 1163 511 1209 in
536 1163 650 1222 civitate,
680 1163 756 1209 torret
776 1164 893 1223 hospites.
911 1164 980 1210 Certe
995 1174 1046 1222 quo
1061 1161 1206 1209 urorum

29 1226 31 1231 ’
126 1234 211 1280 tamen
221 1234 321 1293 propter
335 1244 468 1291 paucorum
478 1230 597 1286 iustitiam
609 1231 657 1275 lm·
679 1232 854 1288 quiescebant,
867 1230 961 1278 diutim
971 1228 1104 1287 tentanda,
1114 1224 1229 1290 pleulw.

127 1301 266 1361 punitatem
278 1301 323 1346 toti
340 1300 429 1359 populo
443 1297 574 1356 promittit.
586 1296 654 1343 Unde
679 1298 878 1356 comprobabant.
1230 1326 1233 1331 ·

28 1418 29 1423 ,
129 1369 246 1415 discimus
254 1367 360 1426 quantus
376 1377 461 1411 murus
470 1365 504 1410 sit
520 1364 605 1423 patrias
617 1363 655 1409 vir
708 1365 747 1412 52.
769 1368 823 1414 Viri
837 1369 915 1414 anim
933 1369 1033 1416 civitati,
1056 1368 1207 1417 sedam

126 1436 220 1494 iustus,
237 1433 440 1495 quemadmodum
456 1444 504 1478 non
521 1431 655 1478 debeamus
678 1435 876 1481 circumdederunt
886 1437 981 1482 domm
992 1436 1022 1483 ab
1037 1435 1130 1495 insonte
1140 1446 1209 1496 erp

128 1504 241 1551 invidero
258 1501 432 1558 vitiarentur,
447 1512 492 1547 nec
507 1500 655 1546 temerede-
679 1504 709 1547 od
724 1516 817 1560 senem,
836 1507 897 1552 totus
916 1505 1015 1564 popular
1031 1506 1133 1564 pariter.
1146 1505 1208 1553 ltro·
1235 1530 1251 1547 n

129 1584 222 1631 requie.
232 1572 333 1626 illorum
343 1570 435 1617 etenim
444 1568 555 1616 nunides
564 1571 653 1627 serrat,
678 1571 782 1618 struitur
794 1570 969 1631 judicildivinl
980 1572 1097 1632 equitas,
1105 1585 1139 1620 ne
1148 1571 1208 1621 torto
1243 1566 1251 1611 ἱ

129 1641 229 1686 illorum
252 1640 349 1697 justitia
368 1638 398 1685 ab
418 1636 515 1684 excidio
534 1637 653 1685 defendit.
678 1640 1208 1700 qrriediceret:quidpcccaveruntpaeri,ut

129 1709 232 1755 Sodoma
242 1720 338 1766 quoque
354 1708 374 1754 si
391 1706 517 1753 habuisset
534 1706 600 1754 vires
611 1707 655 1753 de·
679 1708 1208 1761 ornnesexcidioinvolverenturtltanulln

128 1790 182 1826 cern
191 1777 280 1835 justos,
291 1775 371 1835 poluit
382 1786 431 1823 non
442 1773 532 1832 perire.
679 1775 729 1821 iilic
741 1775 836 1833 iustus,
851 1776 933 1822 nullus
947 1776 1066 1824 innocens
1077 1775 1135 1825 luit.
1148 1776 1208 1827 nait
1247 1792 1251 1809 ··

158 1843 197 1893 aa.
206 1845 270 1903 Quid
279 1845 325 1890 sibi
336 1845 419 1890 autern
428 1842 551 1901 vultqued
562 1843 599 1889 illi
611 1843 653 1903 qul
678 1843 827 1903 scripturam
837 1844 1010 1891 testificantem
1017 1844 1075 1904 quia
1083 1846 1209 1895 mm
1235 1840 1251 1873 ¹²³

128 1914 159 1961 ad
170 1914 289 1962 Abrabam
305 1912 377 1960 simul
393 1924 448 1958 cum
459 1911 562 1957 Domino
578 1924 655 1958 vene-
677 1913 899 1959 deruntdomumab
911 1913 1207 1973 infaotcurqucadecm,
1248 1934 1251 1941 ·

128 1986 195 2043 rant,
207 1983 333 2030 Sodomam
351 1980 477 2040 petierunt
493 1979 554 2039 viri,
565 1980 611 2026 nisi
628 1982 654 2026 ut
679 1984 738 2029 totus
758 1983 855 2041 populas
871 1984 968 2042 pariter.
988 1983 1058 2029 Nulla
1075 1986 1137 2030 aas
1154 1982 1207 2031 ecel

128 2054 285 2100 acerbaretur
294 2050 387 2098 crimen
399 2062 496 2107 eorum,
507 2049 527 2097 si
538 2062 598 2108 quos
604 2050 655 2106 ius·
678 2051 756 2109 culpae
774 2051 904 2108 immunis,
918 2050 974 2098 ideo
990 2051 1074 2098 nullus
1090 2051 1206 2101 irrrmntrlu

128 2123 169 2168 tus
184 2119 410 2178 honoraverat‚bis
420 2118 511 2176 majore
527 2118 654 2175 sacrilegio
678 2119 749 2165 exitii
760 2118 815 2165 luit.
824 2121 850 2165 Et
861 2119 904 2178 qui
918 2119 1208 2181 possibilitatemperpe-
1248 2132 1251 2163 ε

129 2190 199 2248 impii
224 2191 273 2236 virn
299 2190 444 2236 conarentur
462 2186 571 2234 inferret
595 2188 653 2233 liam
678 2188 757 2234 traudi
769 2188 879 2235 criminis
895 2201 943 2234 non
954 2187 1056 2246 babuit,
1072 2187 1208 2237 bubulini-

127 2256 653 2318 quodvirosdixit,evidensertrati03quia
678 2255 778 2302 lectmn.
795 2256 876 2303 Enete
892 2258 957 2302 vires
972 2268 1073 2314 senum,
1083 2256 1129 2303 scd
1140 2268 1207 2306 men

127 2327 234 2386 speciem
245 2326 410 2386 preferebant
420 2325 537 2370 virorum.
678 2323 749 2380 plena
768 2322 888 2369 libidinis.
907 2322 1030 2369 Ollerebat
1044 2324 1144 2370 sanctus
1163 2324 1207 2373 laet

158 2397 196 2444 bb.
209 2396 336 2442 Sodomam
344 2397 466 2440 venerunt
475 2404 592 2450 vespere,
602 2403 654 2438 me·
678 2390 983 2450 iliarumpuuorem.1tam
996 2391 1042 2437 etsi
1055 2391 1100 2438 illa
1108 2403 1206 2452 quoqu

127 2463 192 2511 ridle
202 2463 233 2511 ad
247 2464 381 2520 Abrabam3
392 2462 450 2522 qula
465 2461 529 2518 iusto
548 2460 654 2519 reiulqet
677 2458 794 2518 flagitiosa
802 2459 930 2517 impuritas
946 2458 1013 2517 erat;
1031 2461 1116 2507 lamen
1128 2460 1207 2508 minut
1249 2468 1251 2481 '

128 2533 274 2591 Angelorum
290 2531 433 2591 prasentia,
445 2529 528 2588 impiis
541 2530 653 2576 tenebras
677 2530 730 2574 erat
743 2527 876 2574 secundum
900 2528 1012 2573 naturam
1033 2528 1115 2584 coire,
1135 2539 1206 2587 qum

127 2599 217 2648 adieri.
227 2603 319 2647 Tamen
334 2601 414 2660 potest
428 2598 515 2645 reterri
532 2598 606 2644 etiarn
622 2598 652 2644 ad
676 2595 805 2641 adversum
813 2594 1082 2653 naturarudelinquere.
1090 2596 1207 2644 mirre

127 2668 224 2728 ternpus
234 2669 366 2715 bominica
382 2668 513 2726 passionis,
523 2667 587 2726 quod
599 2680 652 2713 ves-
676 2663 718 2710 bat
727 2663 813 2710 domus
828 2676 878 2709 suae
896 2663 1050 2709 verecundia
1062 2663 1205 2723 hospitalem

128 2738 182 2797 peri
200 2737 364 2784 veneruntad
376 2749 445 2794 eum,
459 2736 501 2794 qul
518 2736 652 2781 aSodomi-
676 2733 794 2797 gratiam,
808 2733 883 2780 etiam
906 2732 971 2791 apud
990 2732 1106 2779 barbaras
1121 2735 1206 2791 gentes

128 2806 193 2851 tanis
215 2804 410 2862 contagionibus,
434 2805 459 2848 et
484 2802 559 2848 totius
585 2804 652 2851 urbis
676 2802 852 2848 inviolabilem.
868 2802 976 2861 benique
993 2801 1044 2848 illic
1060 2803 1206 2861 quoquciu·

128 2873 226 2920 excidio
249 2874 301 2919 erat
321 2870 471 2918 liberandus.
490 2872 583 2930 Vesper
601 2872 652 2918 erat
676 2872 767 2919 attonsa
787 2871 937 2929 hospitalitas
953 2871 1004 2928 est,
1022 2870 1066 2918 ubi
1082 2882 1131 2919 nec
1152 2882 1206 2933 qsr·

128 2943 261 2999 antequam
277 2940 386 2986 cbristus
397 2940 507 2997 veniret3
520 2939 577 2998 quia
588 2943 652 2988 totus
676 2941 842 2987 munitassatis
852 2942 904 2987 tuta
915 2941 961 2987 est.

128 3012 181 3056 erat
197 3008 302 3055 muudus
320 3008 345 3053 in
365 3008 481 3055 tenebris.
493 3009 585 3066 Vesper
600 3012 652 3056 erat
705 3001 744 3055 ba}
760 3010 934 3056 Percussurunt
948 3009 1030 3055 autem
1047 3009 1103 3056 illos
1121 3008 1206 3070 lnqeti

127 3077 241 3124 ounrlbus
267 3090 326 3136 quos
345 3076 488 3123 immanium
507 3077 651 3125 delictorum
676 3078 800 3135 cecitate,
826 3079 900 3124 utet
925 3079 1014 3124 ostium
1033 3076 1120 3125 doinus
1142 3078 1207 3137 quod

127 3145 233 3204 squallor
244 3145 386 3192 tenebrosus
397 3146 507 3203 urgebat.
519 3146 593 3193 l'enit
604 3148 652 3193 llo-
675 3147 771 3206 aperire
782 3148 928 3208 cupiebant,
942 3161 990 3195 non
1000 3149 1148 3206 reperirent.
1162 3149 1206 3197 llic

127 3214 210 3262 nrinus
234 3215 316 3271 lesus,
340 3214 445 3260 redemit
468 3215 585 3273 sanguine
609 3229 652 3262 suo
675 3216 1206 3277 mirabilisquidemilngelorumdeclaratur

126 3283 259 3341 mundum,
274 3284 355 3330 lucem
367 3282 463 3330 adtulit.
478 3284 596 3331 Venerunt
607 3299 652 3331 au-
675 3286 794 3344 potestas3
817 3287 844 3332 ut
863 3287 939 3333 ouusa
956 3286 1059 3345 impuris
1080 3287 1206 3347 caecitate,

126 3355 650 3413 lenrrAuqelidnoinsodomamodurspcram.
676 3367 724 3401 non
731 3355 989 3414 reperirenturdourus
996 3356 1066 3401 ostie.
1075 3354 1122 3400 Sed
1132 3355 1206 3403 etlam

125 3423 171 3469 Ubi
181 3423 257 3482 qratia
265 3422 389 3481 largienda
398 3422 651 3479 est,dbristusadest:
677 3423 737 3470 illud
754 3424 904 3481 ostenditur,
920 3425 977 3484 quia
995 3435 1058 3470 caeca
1075 3423 1112 3470 est
1127 3425 1207 3472 omnis

125 3491 169 3540 ubi
187 3492 325 3538 exercenda
344 3491 474 3549 severitas,
492 3491 538 3538 soli
564 3490 652 3538 adsunt
676 3492 764 3551 libido,
776 3496 801 3540 et
812 3495 868 3538 ante
880 3504 906 3538 se
917 3505 965 3538 nou
976 3491 1053 3537 videt.
1065 3490 1134 3548 Quod
1148 3503 1206 3541 rem

125 3559 245 3616 ministri,
258 3559 327 3606 deest
335 3561 417 3606 tosus.
675 3560 798 3617 hospitum
806 3560 918 3607 inanibus
926 3560 1097 3607 revocatusest
1109 3562 1207 3608 sarrctut

156 3629 194 3674 al.
211 3627 307 3675 sedebat
321 3630 366 3674 Lot
375 3630 405 3674 ad
419 3633 520 3688 portam.
533 3628 651 3675 Emenda-
675 3630 719 3674 bot
728 3629 752 3674 in
761 3629 872 3687 domum,
882 3630 1061 3676 demonstratur
1072 3628 1204 3674 immemor

56 3730 64 3737 .
125 3699 213 3744 verant
231 3698 276 3743 Lot
294 3697 404 3742 sanctum
424 3698 525 3744 adversa
547 3698 651 3758 captivi·
675 3697 794 3755 periculi,
806 3710 899 3743 memor
910 3696 965 3743 fidei
981 3707 1032 3742 non
1047 3695 1206 3754 eripuissem

77 3788 80 3793 ·
125 3766 196 3822 talis,
207 3766 233 3812 et
248 3763 417 3810 sollicitiorem
432 3764 552 3812 lacerant.
566 3769 650 3826 ltaque
675 3765 800 3823 periculo,
810 3764 852 3812 sed
861 3764 987 3812 obtulisse.

124 3831 325 3893 processuaeiatis
335 3831 455 3878 didicerat
463 3833 553 3881 inuitari
562 3848 650 3894 paren-
704 3829 743 3878 b't.
754 3832 855 3880 Ponitur
869 3833 970 3892 pietatis
981 3833 1063 3890 locus,
1074 3831 1140 3892 qued
1151 3842 1207 3878 mu·

125 3901 185 3945 torn.
204 3900 239 3947 ild
257 3900 351 3958 portam
378 3898 460 3958 itaquo
483 3901 597 3960 sedebat,
622 3903 650 3949 ul

174 3976 178 3986 ,
345 3974 350 3985 ,
499 3976 504 3985 ‚
696 3943 704 3958 “
714 3938 766 3976 Edit.
776 3938 851 3976 bened
862 3939 896 3977 ille
906 3939 980 3987 quidem
988 3942 1040 3978 inter
1049 3950 1094 3987 quor
1110 3936 1206 3976 aarum

125 3976 250 4043 exciperet
263 3974 432 4024 advenientes.
444 3977 554 4038 Denique
566 3992 648 4026 caster·
673 3991 741 4031 sareon
763 3997 836 4036 aner»,
846 3995 884 4030 ore.
