2676 4800
527 391 818 443 transmoveri.
1174 398 1216 443 vll

138 466 230 601 ffi
244 481 311 537 quae
326 467 436 538 scripta
452 471 521 526 suni
536 470 565 526 ln
580 473 664 538 libro,
680 475 729 545 qui
744 471 779 530 dc
795 474 1000 530 incantatione
1015 474 1131 531 vendat
1146 475 1215 530 tnti-

165 627 307 681 l⁹.0oeiso
317 625 418 697 itaque
426 627 563 683 Gratiano
573 628 755 698 imperatore,
770 631 924 701 recipiendi
933 630 1055 701 corporis
1065 631 1125 702 ejus
1132 646 1214 689 cama

136 703 317 758 mamad
328 705 487 759 ltaximum
498 707 619 775 suscepit
629 708 804 777 legationem.
816 710 899 779 Apud
904 724 987 781 qnem
994 724 1078 780 quam
1088 712 1215 764 constan-

136 783 277 852 teregerit‚
288 784 344 853 qui
355 783 482 839 voluerit
492 798 672 854 cognoscere,
686 788 773 856 ipsius
785 788 933 858 legationis
944 788 1089 857 epistolam
1103 787 1138 842 ad
1156 791 1213 843 Va·

134 859 458 931 bitumumjunlorem
469 861 563 918 ὼιιιιιι
572 878 636 917 cum
645 865 760 935 legerit,
773 867 951 935 approbabit3
966 867 1044 921 nobis
1054 867 1130 921 enim
1140 866 1211 923 alie-

134 940 410 1009 numapromissione
418 941 512 997 visum
523 944 566 998 est
579 943 653 998 illam
663 944 799 1010 inserere,
813 961 848 1001 ne
860 947 998 1015 adjunctae
1008 947 1133 1017 epistolae
1144 960 1211 1015 pro-

132 1019 210 1074 iuius
221 1020 368 1078 fastidium
380 1022 488 1092 legenti
497 1021 620 1079 atterrat.
632 1027 725 1093 ipsunr
736 1040 802 1080 vcro
816 1027 966 1081 llanirnum
980 1041 997 1081 a
1012 1026 1212 1081 communionis

133 1101 255 1178 coemtio
266 1101 448 1171 segregavit,
462 1099 612 1157 admoneus
620 1105 652 1158 ut
661 1101 744 1157 eiiusi
756 1104 899 1173 sanguinis
908 1104 1019 1158 Domini
1031 1103 1090 1167 sui,
1101 1105 1130 1157 et
1138 1104 1212 1173 quod

132 1180 296 1246 eslgravius,
309 1180 489 1246 innocentis,
503 1184 601 1250 ageret
611 1181 823 1250 paenitentiam,
839 1182 863 1235 si
875 1183 928 1236 silvi
943 1182 1019 1251 apud
1028 1185 1117 1235 Deum
1129 1182 1212 1237 vellet
1223 1212 1225 1218 ι

132 1268 187 1310 esse
195 1259 360 1313 coasultum.
371 1257 429 1314 Sed
436 1258 484 1314 ille
492 1273 557 1313 oum
568 1260 762 1328 poenitentiam
773 1259 894 1314 declinat
902 1261 1021 1329 superbo
1030 1259 1145 1329 spiritu,
1156 1273 1211 1316 non

131 1335 213 1388 solum
224 1334 362 1402 laturam,
372 1336 426 1392 sed
436 1336 522 1392 etiam
532 1341 696 1407 presentem
707 1338 825 1393 salutem
835 1336 942 1402 ambit,
953 1351 1127 1407 regnumque
1136 1335 1210 1406 quod

130 1414 196 1468 male
205 1414 378 1483 arripuerat,
391 1414 512 1472 femineo
522 1416 642 1486 quodam
652 1417 748 1483 modo,
761 1417 859 1472 timore
873 1416 1014 1486 deposuit,
1027 1418 1058 1471 ut
1073 1429 1209 1485 procura·

130 1494 209 1547 torem
219 1508 249 1547 se
259 1494 427 1562 reipublice
437 1508 491 1547 non
501 1496 694 1563 imperatorem
704 1494 789 1551 luisse
801 1494 991 1551 confiteretur.

156 1574 196 1626 il.
206 1576 316 1628 nortus
326 1574 510 1638 veroslustiua
520 1613 528 1639 ,
539 1574 652 1645 quidam
662 1575 815 1645 haruspex,
827 1574 1004 1629 innocentius
1015 1573 1139 1641 nomine,
1152 1589 1206 1630 non

130 1655 211 1708 umen
223 1666 330 1722 opere,
350 1666 418 1709 cum
429 1653 460 1708 in
475 1668 560 1708 causa
576 1652 775 1709 maleficiorum
785 1669 802 1708 a
811 1654 907 1724 judice
925 1655 1118 1724 torqueretur,
1131 1655 1206 1710 aliud

128 1746 202 1801 qoam
217 1732 462 1801 interrogabatur,
474 1731 555 1787 lateri
567 1731 668 1802 coepit;
685 1733 822 1787 clamabat
837 1733 914 1788 enim
929 1732 964 1788 ab
979 1733 1084 1802 Angelo
1102 1734 1205 1803 majora

127 1815 255 1869 tonnenta
269 1813 325 1868 sibi
335 1813 463 1869 adbiberi
479 1828 512 1869 eo
524 1814 573 1884 qui
588 1813 742 1869 custodiret
750 1816 940 1881 Ambrosium
952 1814 1083 1885 quoniam
1094 1816 1204 1885 tempo·

127 1893 193 1947 riom
204 1894 325 1948 lustinae
334 1892 370 1946 ad
381 1892 527 1948 excitanda
536 1892 599 1948 odia
608 1894 774 1962 populorum
781 1894 810 1947 in
822 1894 987 1963 Episcopum
996 1908 1130 1948 cacumen
1137 1895 1203 1951 tecti

127 1973 246 2026 tereste
255 1971 459 2037 conscendens,
469 1971 654 2028 medionoctis
664 1970 871 2028 sacrificaverit.
880 1972 934 2028 Sed
943 1976 1046 2042 quanto
1058 1972 1204 2028 instantius

127 2053 149 2105 et
161 2051 306 2107 sollicitius
318 2064 403 2120 opem
418 2052 539 2121 maligna
550 2052 713 2117 exercebat,
727 2052 804 2106 tanto
819 2051 907 2121 magis
923 2064 1001 2106 arnor
1015 2050 1111 2120 populi
1129 2049 1204 2108 circa

128 2128 198 2186 idem
206 2131 377 2186 catholicam
386 2131 414 2185 et
423 2130 532 2185 bomini
545 2131 720 2187 Sacerdotem
732 2132 951 2188 convalescebat.
964 2129 1067 2187 idisisse
1077 2143 1107 2184 se
1118 2130 1203 2185 etiarn

128 2211 309 2275 etdaearones,
322 2209 374 2280 qni
385 2210 463 2268 illum
478 2209 699 2276 internecarent,
713 2208 851 2274 fatebatur
864 2225 872 2264 :
885 2209 934 2264 sed
944 2209 1083 2263 daemones
1094 2223 1202 2263 renun-

128 2289 199 2343 tiasse
208 2305 239 2344 se
249 2303 306 2344 non
315 2287 545 2356 solumadipsum
552 2289 777 2359 appropinquare
787 2289 901 2343 minime
909 2301 1109 2356 posse,vcrum
1116 2288 1202 2342 etiam

129 2380 171 2420 nec
179 2367 214 2420 ad
225 2365 299 2422 toras
309 2366 423 2430 domus,
433 2365 463 2419 in
474 2381 529 2436 qua
538 2369 669 2422 manebat
678 2369 840 2436 Episcopus;
852 2366 918 2436 quia
928 2365 1000 2434 ignis
1009 2365 1202 2433 insuperabilis

129 2460 200 2500 omne
209 2444 437 2500 illudaaditicium
447 2446 645 2512 communiret,
656 2448 688 2499 ut
700 2447 784 2500 etiam
796 2445 876 2511 longe
885 2443 967 2511 positi
979 2443 1127 2497 urerentur
1139 2456 1147 2494 ;
1159 2445 1203 2496 at·

128 2540 176 2592 qne
188 2526 225 2578 ita
234 2538 355 2580 cessasse
365 2527 439 2578 artes
450 2538 527 2589 suas,
537 2524 642 2594 quibus
653 2523 787 2578 adversus
797 2520 907 2576 Domini
919 2519 1094 2574 Sacerdotem
1106 2533 1136 2574 se
1146 2518 1202 2574 ali·

128 2607 185 2674 quid
196 2621 274 2676 posse
287 2604 486 2660 arbitrabatur.
502 2606 580 2661 Alius
592 2605 678 2661 etiam
692 2604 815 2675 gladium
833 2602 925 2658 terens
936 2601 972 2655 ad
982 2601 1142 2655 cubiculum
1155 2615 1202 2656 us·

128 2701 173 2753 que
186 2685 330 2754 pervemt,
343 2686 376 2738 ut
393 2682 561 2739 interficeret
576 2684 751 2739 Sacerdotem
765 2697 772 2736 :
785 2682 834 2737 sed
851 2696 915 2735 cunr
926 2681 1060 2735 elevasset
1071 2694 1200 2750 manum,

128 2762 242 2817 d'stricto
258 2762 369 2833 gladio,
382 2761 498 2817 dextera
515 2765 611 2817 exerta
630 2763 657 2816 in
674 2775 739 2817 aera
755 2761 898 2829 obrigente
916 2759 1058 2813 remansit.
1076 2763 1152 2814 Eune
1169 2777 1200 2816 so

128 2844 231 2897 nisum
243 2858 259 2898 a
273 2842 382 2898 lustina
397 2843 543 2912 postqum
557 2839 699 2896 confessus
711 2843 768 2905 est,
780 2840 926 2893 brachium
937 2837 1011 2908 quod
1027 2838 1121 2908 inique
1134 2854 1199 2894 cunr

126 2923 314 2976 otenderetur
327 2921 504 2990 obriguerat,
516 2921 645 2974 sanatum
654 2917 885 2974 estconiessione

154 3006 193 3056 ti.
204 3001 341 3056 Paridem
350 2997 706 3069 tempuscumvirillustris
718 2995 1198 3063 Probuspuerumsuumnotariunr,

126 3080 165 3147 qui
187 3081 291 3149 spiritu
312 3077 454 3132 immundo
472 3077 593 3147 graviter
611 3075 779 3140 vexabatur,
801 3075 946 3128 direxisset
963 3072 998 3126 ad
1019 3073 1197 3142 Episcopum,

126 3173 260 3227 gressum
272 3172 307 3212 ea
320 3157 392 3211 Urbe
403 3154 507 3209 dimisit
517 3155 658 3220 diabolus,
673 3154 773 3209 timens
785 3153 855 3208 ad'
829 3167 921 3206 vnum
932 3154 1058 3206 sanctum
1070 3151 1196 3220 perduci.

125 3242 209 3308 itique
222 3237 259 3291 ita
276 3249 346 3304 puer
360 3234 495 3305 quamdiu
508 3234 654 3290 Mediolani
672 3233 745 3302 apud
763 3232 927 3301 Episcopum
938 3230 1008 3295 luit,
1022 3231 1097 3284 nulla
1111 3231 1137 3282 in
1151 3230 1198 3283 illo

125 3315 222 3369 diaboli
238 3313 390 3368 dominatio
405 3312 534 3382 apparuit
548 3312 616 3367 :sed
631 3312 678 3367 ubi
696 3326 823 3382 egressus
838 3310 989 3365 ldediolano
1000 3311 1056 3372 cst,
1073 3312 1101 3361 et
1112 3322 1197 3376 prope

125 3394 221 3449 urbem
233 3392 374 3462 pervenit,
391 3391 466 3447 idem
480 3390 593 3460 spiritus
604 3391 653 3460 qui
668 3391 747 3445 illum
762 3393 843 3444 antea
856 3389 1005 3450 habuerat,
1018 3400 1118 3440 vexare
1132 3399 1197 3441 eum

124 3475 213 3541 cepit.
228 3471 362 3539 Quicum
378 3470 597 3539 interrogaretur
612 3470 646 3524 ab
666 3468 825 3532 exorcistis,
838 3480 890 3520 cur
906 3465 1039 3535 quamdiu
1052 3464 1197 3519 illediolani

125 3554 228 3616 lasset,
239 3566 296 3606 oon
307 3552 335 3606 in
348 3551 395 3606 illo
407 3549 597 3620 apparuisset3
612 3548 753 3604 confessus
764 3551 807 3604 est
815 3546 939 3601 diabolus
949 3546 1073 3600 timuisse
1085 3560 1114 3600 se
1126 3547 1195 3598 dm-

125 3633 256 3698 lnosium,
271 3633 300 3686 et
314 3630 375 3686 ideo
387 3628 536 3687 recessisse
553 3629 589 3686 ad
600 3631 725 3698 tempus,
738 3630 822 3698 atque
834 3630 1008 3694 exspectasse
1019 3625 1048 3678 in
1062 3625 1108 3678 illo
1120 3625 1194 3688 loco,

126 3712 166 3764 nin
179 3713 215 3765 ab
226 3712 272 3765 illo
285 3710 451 3775 recesserat,
464 3707 553 3763 donec
563 3708 752 3765 reverteretur
767 3721 774 3759 :
794 3718 850 3773 quo
864 3705 1038 3768 revertente,
1055 3717 1103 3758 vas
1120 3702 1194 3774 quod

125 3790 291 3854 desumat,
303 3791 461 3860 repetisset.

152 3872 193 3924 ti.
204 3871 466 3932 Extinctoldaximo,
476 3866 565 3936 posito
573 3866 723 3923 Theodosio
735 3865 899 3935 imperatore
908 3861 1067 3926 Mediolani,
1079 3862 1194 3915 Ambro-
1227 3901 1228 3904 ,

126 3950 159 4000 sto
168 3950 363 4019 reroepisoopo
374 3945 531 4004 constituto
545 3945 696 4015 Aquileiae,
714 3944 743 3997 in
760 3943 885 4012 partibus
898 3939 1041 3996 Orientis
1034 3956 1063 3993 rn
1074 3939 1194 4009 quodam
1213 3993 1215 3997 ,

127 4030 248 4085 amima
257 4030 412 4087 christianis
422 4039 494 4080 vrrrs
500 4038 636 4095 synagoga
642 4023 801 4079 iudeorum
810 4024 838 4077 et
848 4020 928 4076 lucus
937 4018 1192 4108 Valentinianorum
