2676 4800
586 409 735 502 unua

214 636 580 766 SANCTI
638 647 1091 772 AMBROSII

474 885 697 929 usbiotuunnsis
710 888 849 939 EPISOEH,

208 1009 213 1016 ’
304 1039 340 1098 a
372 1035 609 1100 runnrno.
630 1040 750 1104 nnus
783 1042 1007 1106 uornnro

383 1235 419 1272 nn
435 1234 543 1273 nnarnn
558 1236 730 1277 auoosrruom
746 1238 906 1278 consenuere
917 1228 935 1274 ·.

577 1433 739 1447 *u—

125 1598 147 1651 i.
162 1559 350 1668 Hosius,
366 1600 532 1658 venerabilis
548 1603 627 1672 pater
638 1605 806 1675 Augustino,
825 1606 856 1660 ut
872 1605 944 1660 sicut
954 1604 1028 1662 beati
1042 1604 1094 1661 viri
1108 1608 1196 1662 Aiba-

125 1679 211 1732 nasius
225 1681 372 1750 cpiscopus
389 1683 418 1735 et
432 1680 613 1752 Hieronymus
629 1686 773 1754 presbyter
789 1685 859 1755 stylo
876 1685 1036 1756 prosequuti
1051 1689 1116 1741 sunt
1127 1686 1197 1740 sitas

125 1761 278 1812 sanctorum
296 1760 377 1813 Pauli
389 1763 418 1815 et
432 1761 543 1816 Antonii
564 1762 592 1816 in
605 1776 699 1817 eremo
715 1764 880 1833 positorum,
896 1764 969 1819 sicut
986 1765 1071 1819 etiam
1087 1764 1195 1819 iiartiui

126 1838 283 1891 uenerabilis
298 1839 421 1909 episcopi
435 1842 599 1895 Turonensis
614 1843 740 1898 Ecclesiae
753 1846 870 1898 Severus
883 1858 979 1899 servus
992 1845 1043 1899 Dei
1056 1845 1196 1899 iucniento

126 1930 244 1971 sermone
257 1919 401 1973 contexuit
408 1934 416 1984 ;
429 1918 469 1973 sic
483 1920 569 1974 etiam
580 1934 632 1991 ego
648 1922 800 1977 beatissimi
812 1923 947 1978 Ambrosii
959 1923 1081 1992 episcopi
1091 1923 1195 1977 Medio-

126 1994 238 2049 lanensis
258 1997 387 2052 Ecclesiae
405 2011 466 2052 meo
483 2013 634 2069 prosequar
649 2000 728 2069 stylo.
739 2001 794 2056 Sed
810 2015 862 2071 ego
879 2004 910 2056 ut
929 2001 1036 2056 meritis
1056 2002 1195 2055 tantorum

127 2073 256 2140 virorum,
276 2075 325 2145 qui
338 2076 410 2130 muri
423 2077 606 2132 Ecclesiamm
623 2082 703 2144 sunt,
715 2081 744 2134 et
755 2079 919 2150 eloquentia
935 2078 1038 2146 tontes3
1054 2078 1093 2134 ita
1110 2079 1194 2134 etiam

127 2165 244 2208 sermone
261 2168 307 2207 me
324 2154 458 2224 imparem
478 2155 550 2210 novi.
564 2159 665 2213 Tamen
677 2158 743 2229 quia
756 2158 907 2214 absurdum
923 2173 982 2214 esse
998 2158 1109 2228 opinor,
1121 2158 1194 2228 quod

129 2232 260 2300 precipis,
270 2233 425 2299 declinare,
436 2248 540 2304 eaquae
552 2249 568 2289 a
578 2236 775 2305 probatissimis
785 2238 867 2303 viris,
877 2237 971 2307 quiitii
980 2241 1045 2293 anto
1054 2252 1099 2293 me
1108 2238 1194 2291 adsti-

127 2312 226 2373 terunt,
238 2315 267 2366 et
278 2312 438 2368 maximeab
447 2328 539 2369 sorore
549 2313 633 2384 ipsius
642 2317 792 2371 venerabili
800 2317 955 2371 binrceiiina
965 2316 1049 2371 didici
1059 2318 1118 2381 ,vei
1128 2332 1192 2386 quau

130 2390 255 2455 tuendi,
269 2406 333 2444 cunr
343 2391 383 2445 illi
392 2392 544 2458 adstarem,
557 2394 599 2448 vel
609 2409 672 2464 quac
682 2395 758 2449 abiis
768 2396 898 2462 cognovi,
911 2396 959 2463 qui
973 2396 1051 2448 iiium
1062 2398 1089 2447 in
1102 2395 1194 2447 direr-

128 2467 161 2519 sis
169 2470 313 2535 pnninciis
325 2473 387 2539 post
395 2471 502 2525 obitum
513 2472 599 2541 ipsius
611 2472 752 2526 sevidisse
764 2474 928 2535 narrarunt,
942 2474 984 2525 vel
997 2486 1060 2540 quae
1071 2471 1105 2525 ad
1118 2472 1195 2524 iitnm
1222 2468 1227 2475 '

128 2547 218 2614 scripta
227 2552 308 2612 sunt,
319 2562 383 2601 cunt
392 2550 481 2603 adbuc
491 2550 590 2605 obiisse
600 2549 755 2605 nesciretur
768 2564 775 2603 ε
786 2549 897 2618 adjutus
907 2548 1075 2602 orationibus
1086 2549 1154 2612 tuis,
1165 2549 1195 2602 et

127 2627 221 2678 neritis
236 2628 306 2680 tanti
323 2626 393 2692 riri,
408 2628 474 2683 licet
489 2628 592 2683 inculto
606 2642 749 2692 sermone,
765 2628 889 2683 breviter
899 2628 1073 2698 strictimque
1085 2627 1194 2682 descri-

127 2703 179 2756 bam
187 2721 194 2768 ;
209 2710 240 2759 ut
255 2707 366 2760 lectoris
378 2707 500 2763 animum
516 2708 566 2763 etsi
578 2722 668 2763 sermo
680 2707 843 2773 ostenderit,
857 2708 980 2763 brevitas
992 2711 1086 2764 tamen
1103 2708 1138 2764 ad
1151 2709 1192 2763 te·

126 2784 234 2849 gendum
252 2788 383 2854 provocet
398 2801 406 2839 :
423 2801 474 2842 nec
485 2787 631 2842 verborum
651 2786 722 2841 tucis
739 2786 885 2841 veritatem
902 2786 1053 2851 obducam,
1072 2802 1108 2842 ne
1125 2787 1192 2841 dum

126 2865 231 2931 scriptor
243 2866 389 2935 elegantiae
398 2879 525 2935 pompam
537 2866 670 2937 requirit,
685 2865 772 2920 lector
783 2867 924 2920 tantarum
936 2866 1072 2920 virtutum
1084 2867 1193 2920 amittat

126 2942 259 2997 scientiam
268 2985 275 3008 ,
285 2959 370 3015 quem
376 2959 430 2999 non
441 2945 528 3014 nangis
537 2945 677 3014 pbaieras,
687 2959 857 3014 pompasque
868 2944 1033 3009 verborum,
1044 2959 1127 3013 quam
1138 2946 1194 2998 rir-

128 3022 204 3074 tutern
216 3038 310 3077 rerum
319 3063 326 3088 ,
335 3025 508 3093 gratiamque
519 3024 636 3093 Spiritus
646 3023 734 3078 sancti
744 3024 875 3092 spectare
883 3022 1038 3076 conveniat.
1050 3023 1192 3093 Siquidem

128 3103 273 3155 mserimus
283 3104 401 3158 viatores
409 3103 558 3173 gratiorem
566 3102 936 3173 babereaquambrevirena
945 3101 1094 3156 stiitantem
1104 3141 1111 3163 ‚
1123 3100 1193 3155 torte

127 3192 182 3231 curn
197 3181 308 3247 sitiunt,
321 3196 404 3253 quam
416 3181 577 3251 profluentis
595 3180 677 3236 tontis
689 3181 777 3245 rivos,
789 3194 908 3250 quorum
923 3181 1029 3249 copiam
1046 3180 1106 3233 sitis
1118 3184 1192 3233 tem-

128 3271 186 3322 pore
195 3263 314 3328 reperire
328 3277 382 3317 non
397 3262 521 3330 possunt.
535 3263 566 3313 nt
582 3260 751 3315 hordeaceus
766 3260 845 3328 panis
856 3259 945 3314 duleis
956 3260 1025 3312 soiet
1037 3272 1097 3312 esse
1108 3259 1192 3313 etiam

129 3336 177 3401 bis,
188 3340 234 3408 qui
246 3340 370 3396 centenis
381 3340 490 3394 uicibus
504 3337 670 3394 ferculorum
681 3339 834 3408 quotidiani
845 3337 963 3392 convivii
976 3338 1069 3404 copias
1081 3341 1192 3390 ructare

127 3424 294 3472 consuerunt.
304 3420 356 3476 sed
367 3422 396 3474 et
404 3419 547 3473 hortomm
556 3431 664 3473 amoena
675 3418 839 3473 mirantibus
848 3417 940 3472 berbae
950 3417 1071 3485 agrestes
1083 3416 1192 3484 placere

127 3500 330 3552 consueverunt.

154 3577 177 3627 2·
187 3578 367 3643 Quamobrem
377 3579 492 3632 obsecro
503 3590 550 3631 vos
559 3591 668 3642 omnes,
681 3577 839 3646 inquorum
848 3575 974 3631 manibus
985 3574 1055 3629 iiber
1068 3575 1191 3630 istever-

126 3657 237 3720 subitur,
255 3660 285 3710 ut
299 3657 416 3711 credatis
434 3670 498 3709 vera
510 3671 568 3711 esse
583 3672 647 3726 quae
656 3656 817 3725 scripsimus
828 3669 894 3709 :nec
903 3656 981 3723 putet
991 3668 1035 3708 me
1044 3653 1189 3724 quisquam

88 3730 91 3735 ’
126 3734 315 3789 tudioaiuoris
325 3734 431 3805 utiquid
440 3734 514 3804 quod
523 3732 576 3790 side
588 3737 694 3799 careat,
708 3734 829 3803 posuisse
837 3747 845 3799 ;
858 3731 1081 3804 quandoquidem
1091 3732 1190 3786 meiius

145 3874 216 3909 'titud
227 3874 247 3909 in
257 3873 297 3911 boc
305 3873 387 3914 Paulini
395 3872 499 3920 opusculo
510 3873 602 3910 rnaxlrnn
613 3871 753 3917 desiderntur,
764 3872 822 3921 quod
835 3872 870 3909 vin
878 3871 946 3909 uliam
957 3871 980 3908 in
994 3869 1057 3909 rebus
1066 3868 1191 3907 enarrandis

126 3931 261 3977 chronologiae
274 3932 373 3972 babuerit
389 3931 509 3975 rationein,
521 3934 541 3967 et
556 3931 644 3968 nntium
659 3931 680 3969 8.
693 3929 788 3968 Doctoria
799 3931 929 3977 scriptorum
945 3928 1064 3975 catatonum
1080 3929 1189 3965 curaverit

125 3992 236 4027 oonuxere,
245 3990 313 4038 tinum
324 3988 480 4035 indiligentiam
491 3989 572 4034 quoties
585 3989 678 4028 volueris
690 3997 802 4037 reperero,
813 3987 895 4029 iactor.
908 3985 1084 4032 chronologicum
1097 3984 1190 4022 indicem

126 4049 223 4087 unsrun.
234 4048 343 4087 autarcen·
355 4048 423 4095 buius
433 4045 483 4082 rita
494 4045 606 4091 temtum·

220 4103 243 4155 ¹·
1010 4118 1013 4123 ·
1057 4111 1070 4141 ιΊ
